2808 4974
348 410 616 478 rnoennrn
641 414 731 480 mn.
758 413 807 480 11.
1046 419 1107 508 157

116 543 171 605 Aut
180 560 283 632 quum
296 535 470 605 Dulichias
484 537 593 606 Palles
605 541 770 632 spatiatur
783 538 828 607 od
839 564 944 625 ares,

151 653 308 742 Gorgonis
318 649 505 744 anguiferae
514 665 638 742 pectus
651 668 770 744 operta
784 657 908 739 comis3

111 761 212 848 Quahs
224 781 257 830 et
271 761 509 846 Ischomache,
521 763 676 856 Lapithae
689 788 797 855 genus
809 765 978 852 heroinae,

147 876 315 941 Centauris
329 873 442 942 medio
456 889 550 965 grato
562 877 682 968 rupina
693 899 805 960 mero,
1076 911 1108 946 ιο

108 985 261 1053 Mercurio
275 1002 309 1052 et
319 987 443 1053 sanctis
455 985 564 1054 fertur
574 985 751 1056 Boebeidos
766 985 867 1055 undis

146 1098 336 1189 Virgineum
348 1101 460 1165 Brimo
475 1103 707 1191 composuisse
720 1098 820 1166 latus.

104 1205 205 1274 Cedite
214 1205 304 1300 jam,
320 1209 424 1291 divae,
438 1233 523 1304 quus
536 1227 653 1302 pastor
665 1209 797 1280 viderat
810 1211 891 1280 olim

143 1317 236 1386 ldaeis
251 1322 400 1388 tunicum
414 1345 541 1412 ponere
553 1321 745 1390 verticibus.

102 1428 324 1496 Honcutinam
336 1425 456 1497 faciem
469 1428 698 1498 nolitmutare
711 1446 885 1518 senectus,
1072 1449 1103 1503 ι5

140 1541 206 1606 Etsi
218 1542 363 1608 Cumaeae
375 1537 501 1609 soeculo
512 1542 596 1610 vatis
608 1547 701 1634 aget!

22 1763 24 1774 ,
68 1741 110 1777 tras
122 1745 177 1782 sues
192 1729 291 1782 invisit.
305 1753 316 1778 ι
334 1730 401 1784 Setis
416 1743 497 1784 notus
516 1749 548 1784 ex
594 1743 707 1784 terrores
721 1745 869 1784 nocturnos
887 1731 1028 1783 immittere
1041 1749 1101 1784 crs·

67 1809 130 1873 poetis
143 1823 293 1882 cst,quem
310 1811 421 1864 dearum
443 1811 547 1880 fingunt
592 1811 656 1864 dita.
682 1815 750 1864 Huic
769 1813 917 1864 Mercurius
937 1832 1018 1885 quum
1047 1814 1102 1867 Bos.

67 1890 219 1957 ngnuorem
245 1892 390 1943 incessum.
415 1891 546 1943 Dulichios
591 1889 677 1944 beidos
688 1891 779 1956 undis,
802 1890 837 1943 sd
854 1891 940 1943 undas
959 1889 1100 1945 Boebeidos

66 1982 114 2031 m,
130 1969 161 2020 ab
175 1971 262 2023 insuia
279 1971 402 2025 Dulichia
425 1971 544 2045 Ulyssis,
589 1968 641 2041 (cf.
652 1973 698 2036 IV,
709 1971 741 2037 ³,
758 1971 985 2042 ro),riu1fscers
1000 1984 1101 2025 tentas-

66 2050 96 2116 φῖ
119 2049 191 2102 fidem
216 2053 299 2105 hebet
329 2051 467 2106 custodem
490 2055 543 2106 Mi·
589 2065 642 2114 set,
663 2062 718 2102 tnm
732 2052 827 2104 acriter
842 2049 931 2122 puello
947 2051 1042 2102 restitit
1059 2053 1100 2102 in-

66 2143 155 2180 ncrssm.
173 2132 348 2204 Munychias,
363 2135 477 2200 Atticos,
494 2151 543 2184 vo·
588 2130 719 2198 fremens,
730 2144 759 2182 ut
771 2130 870 2184 habere
883 2130 956 2203 quod
967 2131 1046 2184 veliet
1056 2151 1101 2184 ne-

22 2263 24 2278 ·
65 2202 116 2259 hbet
132 2211 266 2278 Heinsius,
289 2211 363 2265 libris
382 2212 454 2284 opud
476 2215 542 2266 Bur·
589 2213 699 2284 quiverit
707 2212 858 2266 deus.Vide
869 2211 952 2266 schol.
964 2213 1100 2284 Apollonii

22 2323 23 2352 5
65 2301 130 2340 mnu.
148 2288 253 2344 duobus
276 2291 393 2344 tribusve
415 2293 543 2347 addicen-
587 2290 674 2344 Rbod.
692 2293 745 2360 111,
762 2297 838 2364 cujus
856 2293 946 2346 locum
963 2291 1050 2346 adfert
1065 2293 1099 2346 ud

22 2363 23 2368 ’
65 2361 121 2418 Ubus.
142 2368 254 2422 Protulit
276 2369 328 2421 hoc
351 2369 443 2422 leviter
464 2373 542 2426 nimis
588 2369 693 2424 Senecae
713 2371 784 2424 Med.
805 2372 855 2424 812
878 2372 992 2424 Deirius.
1011 2373 1099 2424 Mutet

63 2439 160 2498 hient.
183 2477 219 2488 -
244 2449 285 2500 Dc
314 2447 454 2522 Geryone,
479 2453 540 2504 Me·
586 2452 739 2522 Propertius
752 2449 884 2518 fabulam,
903 2451 1039 2524 quomodo
1056 2452 1097 2506 bis

64 2517 126 2587 dura,
137 2529 203 2578 conf.
218 2527 317 2598 Gierig.
332 2527 366 2580 ed
387 2528 466 2581 Ovid.
483 2531 560 2592 Me,
585 2529 685 2582 fectum
694 2529 777 2602 paulo
789 2543 849 2582 onte
858 2529 983 2597 vidimus,
993 2529 1060 2602 eleg.
1074 2547 1097 2596 r,

64 2609 108 2651 un.
119 2605 165 2671 IV,
178 2605 239 2675 7⁵²·
586 2609 617 2662 5¹
632 2621 660 2662 et
670 2603 714 2663 62.
727 2611 839 2676 Boebeis,
851 2610 995 2664 Thessaliae
1007 2611 1095 2678 lacus,

87 2699 107 2750 9.
118 2685 215 2756 Qualis,
229 2699 279 2739 etc.
295 2686 464 2739 Construitur
479 2707 541 2741 son·
586 2687 688 2760 dequo
705 2689 765 2742 ride
781 2693 940 2762 interpretes
954 2690 988 2742 sd
1007 2691 1095 2743 Valer.

63 2763 122 2814 lentis
131 2786 136 2815 :
146 2766 237 2834 Qualis
249 2779 274 2818 et
283 2766 470 2833 Ischomache,
483 2787 540 2841 quae
584 2765 672 2818 Fiacc.
688 2769 713 2832 1,
729 2767 791 2838 449.

63 2853 116 2906 :nu
129 2844 263 2900 Centauris
281 2849 375 2918 rapina
390 2849 471 2900 fuisse
488 2847 540 2901 fer-
623 2847 663 2899 13.
678 2849 748 2918 Quas
756 2861 854 2921 pastor,
864 2850 947 2916 Paris,
959 2861 1010 2902 eto.
1022 2850 1094 2902 Nota

63 2921 142 2998 orpus
156 2946 185 2979 ex
199 2927 284 2981 altero
299 2925 412 2980 disticho
427 2928 538 2980 verbum
584 2931 647 2980 sotis
660 2928 781 2981 historia.

59 2995 124 3064 fertur
131 3001 179 3056 buc
191 3006 330 3078 adplics),
343 3004 455 3078 Cynthia
463 3025 538 3058 nem·
622 3007 663 3059 15.
677 3008 783 3073 Facies,
798 3019 828 3058 ut
839 3025 916 3059 versu
931 3008 965 3073 3,
984 3007 1018 3060 de
1033 3021 1092 3060 toto

62 3079 140 3145 petalis
156 3103 212 3138 mea
226 3097 275 3138 est.
290 3083 473 3153 Ischomache,
492 3085 535 3137 di·
582 3103 714 3157 corpore;
726 3085 838 3158 Cynthio
848 3087 1092 3158 ipss-Senectus.

62 3169 91 3209 cu
101 3163 180 3217 eedem
196 3181 223 3220 et
237 3164 430 3239 Hippodamia,
445 3169 535 3219 Acesti
581 3164 694 3217 Videtur
707 3179 734 3217 et
745 3164 787 3215 bic
800 3166 856 3217 sine
870 3164 984 3217 consilio
1000 3167 1093 3219 sSca·

63 3241 323 3310 euthdrsstifilie,cui
333 3257 416 3297 ureter
426 3244 536 3299 heroine
581 3245 666 3316 ligero
698 3263 756 3297 esse
784 3246 932 3315 repositum
961 3256 1091 3314 vetustas,

62 3331 151 3386 esperus
161 3325 331 3396 Lapitharum
341 3326 400 3377 fuit.
416 3325 535 3377 Pirithoo
581 3343 662 3396 quem
670 3323 811 3376 lectionem
821 3324 945 3377 exhibent
952 3325 1092 3380 Rroulrbu-

63 3399 100 3466 'egi
110 3419 181 3473 quum
194 3405 239 3458 ilia
258 3405 388 3472 nuberet,
403 3405 430 3457 iu
447 3406 534 3457 medio
581 3407 635 3457 sius
647 3418 674 3457 et
687 3407 864 3459 Burmannus.
876 3435 912 3446 -
921 3407 1006 3459 Etsi...
1018 3413 1091 3480 apes!

63 3476 254 3549 sinuconrivio,
270 3503 363 3558 rapere
375 3484 534 3538 conantibus
579 3483 742 3556 Scriptorum
765 3503 820 3536 non
843 3502 952 3556 prorsus
970 3489 1088 3538 auctori-

62 3553 170 3616 ientsuris
184 3563 301 3636 puellam
318 3577 345 3616 et
363 3583 420 3636 qnae
436 3578 535 3616 creterae
580 3575 635 3616 tute
648 3561 802 3616 destitutam
815 3563 944 3615 Codicum
961 3565 997 3614 Et
1014 3565 1087 3617 sic„

61 3651 170 3704 ponnus
181 3659 282 3710 essent,
295 3663 385 3716 pugno
401 3647 470 3696 inter
488 3663 534 3697 eos
579 3644 657 3713 aqut!
676 3638 847 3692 Marklandus
869 3641 1089 3715 Burmannusqtie

62 3719 532 3792 tthpithssortsacerrimsest.Couf.
579 3721 778 3794 probaverunt,
798 3735 825 3774 et
842 3722 962 3774 Kninoei
978 3727 1086 3796 recepit.

61 3794 226 3857 (inclusum.
238 3807 436 3877 Xll,2sosqq.
579 3801 687 3854 Placere
710 3803 794 3872 magis
815 3801 929 3854 aiterum
951 3823 1000 3856 nos
1025 3824 1088 3857 cum

87 3893 119 3930 Η.
129 3882 264 3952 Mercurio,
277 3885 376 3937 ctc.lta
386 3884 465 3935 etism
473 3881 531 3956 hies
578 3880 751 3934 Luchmsuno
771 3881 898 3946 dicimus,
920 3897 971 3934 «ut
992 3869 1087 3956 longos

62 3951 131 4021 Quoto
140 3966 266 4030 etBrimo,
279 3977 370 4016 nostra
379 3961 468 4035 puelia
479 3975 532 4031 est,
578 3977 663 4012 srrnos
684 3973 765 4032 poeta
782 3960 900 4034 Cyutbiae
918 3981 974 4014 non
995 3978 1086 4036 optet,

62 4049 103 4102 qne
118 4039 192 4093 fertur
201 4042 244 4094 itta
263 4043 447 4114 composuisse
460 4041 533 4093 Mer*
578 4038 680 4092 scdeos
691 4041 783 4091 iocein
793 4059 949 4112 persuasum
960 4041 1083 4096 habent.-

61 4116 118 4168 fflrio
133 4117 202 4174 latos.
222 4123 330 4188 Brimo,
354 4122 532 4192 Proserpina,
578 4121 672 4172 —De
694 4123 800 4174 Cumoea
823 4132 897 4188 uate,
922 4124 1038 4198 Hsynius
1057 4125 1084 4198 in

63 4189 97 4240 hh
113 4207 147 4248 ssu
163 4206 259 4271 βρψᾷν,
276 4221 291 4253 u
309 4198 454 4268 terrendo,
476 4217 533 4272 quse
577 4201 696 4270 Excursu
703 4201 739 4252 ΙΙΙ
747 4199 879 4272 advirgil.
890 4201 993 4258 AEueid.
1003 4203 1048 4254 vl.
