2808 4974
333 493 596 561 PROPERTII
621 493 714 559 LIB«
739 496 788 560 11.
1024 499 1090 564 ‘235

137 627 286 716 Fannque
297 623 443 713 peccatis
454 619 603 715 plurima
615 645 718 690 causa
729 627 817 692 tuis:
855 677 858 682 .
1060 655 1091 690 ιο

97 727 158 798 iilic
169 729 308 798 adsidue
319 747 434 799 tauros
447 731 614 825 spectabis
625 747 778 816 arnmes,

133 847 172 910 Et
181 845 284 912 vitem
294 841 395 912 docta
406 867 534 936 ponere
545 843 632 914 falce
646 867 778 930 comss;
808 881 810 886 ·

95 959 189 1048 Atque
199 953 245 1022 ibi
257 979 336 1022 rara
345 953 435 1024 feres
446 955 575 1026 inculto
587 973 665 1024 turn
679 957 819 1042 sacello,

132 1064 252 1134 Haedus
264 1065 324 1134 ubi
335 1082 485 1158 agrestes
499 1083 635 1135 corruet
646 1083 724 1136 aute
737 1067 847 1154 focoe;
944 1081 947 1088 '

2 1189 3 1194 ’
95 1177 235 1242 Protinus
250 1191 285 1242 et
298 1175 391 1242 nuda
406 1175 546 1244 choreas
558 1177 732 1245 imitabere
745 1201 845 1275 suro,¹
1059 1193 1090 1246 15

130 1287 246 1354 Omnia
258 1286 302 1354 ab
317 1305 456 1356 externo
470 1291 539 1356 siut
549 1287 653 1357 modo
664 1305 737 1357 tutu
748 1293 831 1360 viro.

2 1383 3 1412 ³
93 1399 157 1489 lpse
167 1423 228 1492 ego
239 1397 400 1467 venabor.
416 1403 493 1470 Jaru
505 1425 598 1468 nunc
610 1421 665 1468 me
678 1425 773 1470 sacra
786 1404 902 1470 Dinnae

128 1511 314 1603 Suscipere,
326 1527 360 1578 et
371 1514 495 1580 Veneri
506 1535 634 1605 ponere
645 1529 722 1581 vota
731 1511 839 1606 juvnt.

91 1621 240 1711 Incipiam
253 1633 390 1713 capture
401 1622 506 1706 feras,
519 1639 554 1691 et
566 1622 708 1692 reddere
721 1627 805 1718 pinu

127 1733 270 1811 Cornua,
285 1747 320 1800 et
331 1731 476 1801 audaces
488 1735 561 1826 ipse
573 1757 713 1802 mouere
725 1757 846 1820 canes3
1054 1761 1088 1796 20

88 1843 152 1908 Nou
163 1859 275 1910 umen
289 1859 328 1910 ut
339 1863 452 1912 vastos
464 1845 574 1912 ausim
586 1862 717 1914 tentare
731 1845 866 1928 leones,

51 2041 241 2114 &conseruit
250 2045 372 2114 Ovidius,
381 2049 438 2100 Art.
446 2049 533 2101 Amat.
579 2063 671 2122 specto
686 2051 762 2118 fecit,
782 2062 808 2104 et
822 2048 926 2102 reddere
941 2047 1010 2120 pinu
1027 2047 1088 2100 Cor·

51 2123 72 2186 1,
87 2125 135 2192 ⁸9:
153 2127 226 2180 ·Sed
245 2142 276 2180 ttt
294 2131 427 2202 precipue
446 2132 535 2184 curris
580 2149 642 2182 nuc.
669 2130 748 2182 Certe
772 2149 827 2182 non
851 2131 915 2182 setis
941 2141 1005 2200 epto
1026 2126 1087 2180 ioco

51 2206 533 2265 renenthestriseiiecincssuntroto
579 2211 649 2262 inter
670 2213 728 2282 ipse
747 2209 861 2264 venandi
887 2209 976 2262 officis
994 2221 1087 2260 toturn

51 2283 534 2361 iertiiiorstno..‚Spectetumreniunt‚
579 2287 630 2343 diis
648 2292 775 2344 venaticis
795 2287 951 2344 solvendum
969 2305 1088 2341 comme·

50 2365 138 2417 veniunt
155 2383 309 2439 spectentur
332 2383 363 2421 nt
379 2373 467 2442 ipses
487 2371 535 2424 iiie
580 2383 708 2421 moretur.
725 2371 765 2420 lta
779 2369 849 2421 enim
862 2367 907 2420 ilie
919 2366 1001 2419 verbs
1020 2369 1088 2420 acci·

51 2440 109 2498 loeus
121 2451 183 2502 cesti
192 2450 289 2502 demna
297 2449 410 2522 pudoris
419 2450 533 2506 haben·
578 2449 679 2519 piendn
701 2467 757 2500 esse
778 2447 889 2501 Ovidius
910 2446 1008 2513 docet,
1027 2449 1088 2526 Me·

50 2525 157 2578 —Faoc
171 2527 209 2579 De
219 2529 301 2581 sacris
311 2528 386 2582 Isidis
398 2527 440 2582 rel
454 2532 535 2584 Bone
579 2541 642 2582 tour.
667 2529 734 2595 xli,
759 2528 811 2580 266
829 2549 835 2579 :
861 2527 984 2600 «telique
1006 2527 1088 2604 lrabet

50 2601 90 2656 dre
104 2608 259 2661 versiculum
278 2611 359 2663 istum
377 2613 535 2684 interpretes
579 2610 676 2676 instar,
690 2611 719 2660 in
733 2607 785 2660 sita
801 2609 868 2676 Quos
884 2609 991 2660 fuerent
1002 2610 1088 2681 pinu,

50 2682 108 2737 riuis
117 2699 188 2739 trcte
200 2692 319 2760 capiunt.
335 2691 426 2742 Patere
435 2689 535 2763 templs
581 2686 662 2738 votivi
671 2703 771 2738 cornua
783 2686 859 2738 cervi.
872 2709 883 2732 ι
896 2683 930 2737 Εῑ
941 2685 1012 2758 pieni
1025 2697 1088 2738 sunt

50 2761 149 2828 qnettbet
172 2767 318 2818 ensentium
336 2767 433 2832 furtis,
451 2769 536 2840 ipsius
581 2781 613 2816 eo
629 2781 704 2816 more
721 2765 875 2820 Grecornm
889 2767 1088 2816 Rornanorum-

51 2838 112 2894 ltsiie
125 2845 502 2900 noreshocaevotestsntur.
580 2861 633 2916 qne
644 2843 713 2896 libri.
728 2845 800 2911 Quin
815 2857 841 2896 et
856 2843 961 2896 reddere
969 2845 1037 2916 pinu
1049 2841 1088 2912 (id
1195 2913 1198 2920 Δ

78 2920 110 2972 13.
123 2923 190 2976 Rara
208 2935 282 2992 tura,
297 2943 430 2996 quaerero
447 2925 533 2980 sacei-
578 2935 635 2990 est,
652 2923 750 2997 pinni,·
764 2923 824 2976 vide
840 2923 867 2988 l,
886 2939 931 2988 ιι,
953 2921 1003 2993 tn)
1016 2922 1086 2976 bene

50 2993 186 3068 ltubsbet‚
199 3015 230 3055 ut
243 3003 395 3074 neglectum
411 3005 534 3060 ruricolis
578 3001 693 3072 dictum,
707 3021 741 3054 ne
757 3003 909 3074 nespendere
922 3001 991 3074 pinu
1002 3014 1087 3056 tentes

50 3090 84 3128 et.
97 3109 129 3121 -
147 3084 275 3156 Dionysia
294 3085 460 3138 Burmannus
479 3105 534 3139 non
579 3103 640 3136 cum
653 3084 770 3136 Heinsio.
781 3082 870 3135 Vaier.
883 3083 971 3134 Fiscc.
988 3083 1015 3148 1,
1033 3083 1085 3136 562

49 3157 90 3210 tine
109 3162 162 3213 reri
190 3164 279 3234 specie
307 3164 418 3233 conjicit
445 3163 534 3220 dicere
583 3157 1089 3232 ·i‚decus!etpecorisNephelaeioel·

49 3231 191 3307 Propertium
213 3237 290 3292 veile.
310 3239 415 3292 Boccho
435 3231 534 3295 festum
579 3241 633 3295 Iera
644 3243 726 3294 Graio
734 3241 820 3294 Redde
830 3237 1089 3294 statu-Lachman-

48 3307 86 3366 hoc
95 3332 145 3370 eret
162 3317 296 3372 vindemia
308 3321 445 3389 confecta,
460 3322 534 3394 qnod
578 3341 638 3375 nus.
652 3351 689 3364 -··
703 3325 771 3374 Vere
788 3317 958 3374 observatum
971 3319 1041 3388 hoc,
1058 3322 1087 3374 in

48 3405 98 3446 reso
113 3416 193 3471 capro
208 3402 300 3452 rustici
318 3399 476 3473 choreisque
491 3419 534 3454 ce·
578 3403 726 3474 posteriore
739 3399 854 3453 disticho
866 3417 907 3453 res
920 3401 1014 3470 jungi,
1028 3417 1088 3472 qne

37 3465 172 3528 ·¹ebnhant.
185 3505 220 3519 ·-·
232 3479 378 3531 Externum
393 3481 480 3532 vinem
494 3479 533 3533 di·
578 3497 633 3534 non
649 3494 763 3544 coeunt;
779 3479 826 3533 sed
841 3481 1008 3551 nequenteru
1023 3481 1089 3531 Pro-

49 3551 86 3618 ἀί,
99 3575 171 3626 quern
181 3557 233 3610 sibi
245 3557 355 3612 rivaiem
367 3562 467 3612 timeat.
578 3565 658 3635 pertii
681 3563 870 3634 negligentiam
889 3561 1088 3631 comperimus,

76 3635 109 3686 ¹8.
120 3637 156 3688 Bt
167 3637 266 3690 Veneri
273 3657 371 3710 ponere
381 3642 532 3713 votajuuat.
579 3655 605 3694 et
616 3643 697 3710 boni,
713 3643 824 3713 opinor,
841 3639 945 3692 consilii
960 3641 1024 3706 erit,
1038 3643 1089 3692 im·

48 3709 426 3785 'iettitrsotrahnuddubiedicit¹
437 3719 534 3792 quibus
578 3723 727 3792 perfectum
736 3719 826 3772 iocum
835 3717 1023 3790 etinmhicpro
1032 3721 1088 3771 sin-

48 3803 94 3842 ’Νι
111 3797 201 3850 soirst.
227 3799 324 3850 Veneri
345 3811 434 3851 sutem
457 3799 535 3871 ponit
578 3797 1088 3868 cerotueri.Certeconjectnramhebe-

49 3881 108 3936 tots,
125 3877 168 3946 qui
186 3877 243 3947 jam
265 3893 338 3928 nnnc
358 3889 482 3947 peratum
506 3895 534 3928 se
578 3880 665 3931 bimus
680 3879 713 3931 de
727 3875 830 3945 nihilo,
844 3895 925 3949 quarn
939 3878 978 3930 rir
992 3875 1088 3930 doctus

49 3944 104 4002 tbire
116 3953 202 4026 tingit,
218 3975 252 4008 nc
265 3955 315 4008 dee
327 3955 431 4009 absenti
442 3973 535 4008 curam
578 3956 716 4028 (Kninoei)
729 3955 1089 4026 tentstreponere.-1nci-

49 4033 195 4088 comodere
216 4035 328 4089 desinat.
349 4035 399 4089 Sed
414 4035 459 4089 illa
476 4039 535 4110 ipss
577 4037 659 4108 piam.
673 4035 741 4088 Vide
751 4047 807 4087 not.
821 4033 855 4086 nd
871 4033 936 4104 eleg.
954 4051 981 4102 r,
998 4035 1088 4086 31..-

49 4121 96 4175 Μ,
118 4131 172 4185 que
193 4113 238 4168 hic
270 4113 372 4186 vulgari
398 4118 534 4188 scripture
579 4117 708 4181 Monere,
726 4113 850 4180 hortari,
870 4116 981 4166 incitare
997 4131 1086 4166 cenes.

50 4181 111 4240 idem
121 4193 204 4264 oddit⁷
216 4215 248 4248 ea
262 4213 320 4266 quae
330 4209 477 4266 sequuntur
488 4215 534 4249 su·
616 4196 769 4249 culmosos
786 4215 836 4268 pro
850 4197 914 4249 feris
930 4193 1087 4248 horridiori-
