2808 4974
319 461 384 540 204
615 461 878 526 rnornn'rn
903 463 991 528 ntn.
1018 465 1067 528 11.

363 587 493 651 Interea
506 607 588 654 cave
600 588 645 653 sis
656 610 719 656 nos
733 586 934 680 adspernata
949 587 1101 681 sepultos
1115 617 1123 656 :

408 700 484 763 Non
496 695 581 765 nihil
592 697 636 764 ad
649 722 769 767 verum
781 703 916 768 conscia
927 715 1017 768 terra
1029 703 1127 794 sapit.

363 810 473 900 Atque
485 811 615 876 utinam
627 812 745 902 primis
758 813 907 878 animam
918 833 975 878 me
985 835 1114 905 ponere
1125 817 1224 881 cunis

408 919 428 983 J
431 920 570 987 ussisset
581 924 709 1014 quaevis
720 920 764 988 de
776 921 884 989 tribus
897 945 965 988 una
977 929 1093 990 soror!

362 1030 448 1094 Nam
459 1053 528 1122 quo
540 1030 734 1099 tamdubiae
746 1047 899 1100 servetur
911 1034 1048 1125 spiritus
1060 1033 1175 1103 horae?
1321 1050 1348 1115 l⁵

410 1137 559 1207 Nestoris
571 1156 623 1208 est
632 1143 725 1210 visus
737 1159 814 1234 post
827 1143 891 1210 tria
903 1142 1003 1210 saecla
1015 1145 1110 1212 cinis.

361 1247 422 1315 Cui
435 1249 462 1313 si
474 1264 544 1316 tam
554 1249 665 1343 longae
678 1255 856 1321 minuisset
866 1249 934 1322 fato
947 1270 1091 1323 senectae

407 1355 555 1428 Gallicus
570 1363 678 1432 Iliacis
690 1364 787 1432 miles
801 1367 836 1432 in
850 1365 1049 1459 aggeribus,

361 1471 437 1536 Non
447 1468 505 1538 ille
516 1474 687 1544 Antilochi
697 1475 835 1548 vidisset
846 1501 971 1572 corpus
986 1477 1137 1560 humari,

317 1604 438 1677 nitetque
459 1605 532 1662 dedit
549 1610 699 1682 legionibus
715 1615 753 1666 ire
771 1611 821 1688 per
864 1615 940 1667 annis
955 1613 1219 1676 cumulavitNestor3
1231 1613 1352 1686 quirini·

314 1683 429 1736 ultuma
447 1688 700 1766 Redire,pruficisci,
712 1694 820 1747 adscen-
863 1711 915 1746 nus
936 1695 1054 1760 risisset,
1075 1691 1212 1748 Antilochi
1234 1693 1286 1744 usti
1306 1709 1352 1742 non

314 1761 374 1815 dere
383 1765 433 1816 iter
443 1767 514 1838 apud
526 1772 663 1838 Nostrum,
674 1773 706 1836 ll,
721 1790 764 1842 27,
778 1773 819 1838 16,
864 1774 971 1828 vidisset
986 1788 1107 1828 mortem.
1125 1774 1191 1825 Tam
1206 1774 1285 1826 dubia
1295 1770 1354 1824 lam

314 1842 359 1909 ¹¹¹2
371 1861 412 1905 ²¹2
432 1863 454 1911 ι,
467 1849 512 1912 IV,
526 1867 566 1917 ιο,
580 1854 612 1916 3;
625 1865 660 1918 et,
669 1852 740 1924 quod
753 1851 819 1905 nihil
863 1854 986 1924 spiritus,
1008 1867 1062 1906 tam
1087 1855 1182 1906 incerti
1204 1853 1283 1905 exitus
1300 1853 1353 1902 rita.

314 1921 420 1989 diflert,
437 1929 537 1996 passim
554 1932 592 1983 ire
611 1933 666 1986 vias
684 1947 730 1985 aut
748 1933 818 1986 viam
863 1931 926 1984 Post
938 1933 988 1984 tria
1003 1929 1079 1986 mla
1095 1931 1162 1984 cinis
1177 1931 1241 1984 trt'stu
1256 1929 1355 1982 Nestoris

313 1999 403 2070 (conf.
422 2006 446 2070 l,
469 2023 495 2072 1,
516 2008 570 2080 18).
586 2011 716 2063 Memores
729 2025 819 2064 autem
864 2021 915 2072 est,·
927 2010 1023 2063 saccula
1036 2013 1087 2063 tria
1099 2029 1181 2082 quum
1194 2009 1354 2082 implevisset,

314 2078 427 2153 lapides,
437 2097 465 2134 ut
475 2089 578 2157 egregie
588 2087 748 2154 Huschlrius,
756 2101 819 2142 sunt
863 2088 963 2140 Nestor
973 2088 1052 2154 obiit,
1062 2089 1213 2140 interrivos
1222 2087 1265 2139 ille
1273 2085 1355 2138 mansit

314 2161 360 2231 qui
373 2165 526 2216 memoriam
538 2180 644 2220 servant
659 2169 758 2220 mortui
775 2170 817 2220 in·
864 2179 916 2221 tres
925 2175 1009 2233 rarle.
1017 2169 1148 2220 Homerus
1156 2164 1320 2234 testis,lliad.
1329 2183 1355 2230 11,

313 2241 412 2310 scripto
424 2245 543 2309 nomine,
556 2264 635 2298 seusu
646 2265 700 2317 quo
710 2245 820 2299 inemori
865 2245 932 2315 147,
946 2246 994 2298 ubi
1003 2248 1079 2310 >suits
1085 2245 1241 2302 scholiastes
1248 2244 1356 2297 observat

313 2318 431 2388 sepulcro
441 2322 512 2376 nosci
523 2322 608 2375 Valer.
619 2325 730 2378 Flaccus
738 2324 819 2377 habet
863 2325 947 2376 luisse
962 2325 1096 2378 veteribus
1109 2343 1241 2376 annorum
1254 2326 1355 2394 triginta.

314 2397 365 2463 lV,
378 2398 444 2464 314,
453 2413 479 2451 et
490 2419 557 2452 cana
567 2416 607 2455 est
620 2401 720 2474 capillis
737 2402 817 2469 albis,
864 2406 923 2457 lloc
943 2423 1022 2458 sensu
1041 2407 1140 2458 Noster
1153 2404 1277 2460 seculum
1293 2403 1356 2456 dixit.

314 2491 390 2531 etate
407 2479 487 2552 longa
501 2497 594 2536 exacta
608 2487 674 2536 vitu.
690 2487 819 2556 inpriore
863 2484 932 2538 Vide
946 2485 1045 2556 Gierig.
1058 2485 1092 2538 ad
1102 2485 1182 2538 Ouid.
1191 2487 1296 2540 bletam.
1305 2483 1357 2548 ΧΠ,

314 2577 393 2612 versu
419 2564 506 2616 venire
533 2563 569 2616 ad
582 2565 646 2636 fota
664 2585 743 2619 nemo
764 2585 820 2620 non
867 2567 927 2642 ιβῦ.
946 2595 982 2606 -
1003 2567 1052 2620 Cui
1071 2567 1106 2630 si,
1123 2579 1176 2618 etc.
1194 2567 1281 2618 Locus
1297 2563 1357 2616 rarie

315 2635 437 2711 intelligit
448 2640 481 2692 ad
497 2641 604 2694 fatalem
614 2646 770 2711 terminum,
785 2643 819 2698 ad
863 2641 1005 2716 ‘corruptos
1024 2645 1052 2706 in
1076 2643 1168 2711 libris,
1189 2662 1298 2716 quorum
1312 2657 1357 2692 ane·

314 2729 443 2785 mortem,
464 2717 601 2791 frequenti
617 2723 709 2774 mortis
727 2735 754 2774 et
772 2725 820 2776 fati
863 2719 942 2776 liores
956 2723 1009 2793 Qui
1018 2721 1060 2774 vel
1076 2721 1139 2793 Quis
1151 2723 1174 2776 si
1186 2733 1239 2774 tam
1252 2721 1329 2794 lonqae
1336 2729 1358 2770 et

314 2792 387 2863 apud
408 2810 531 2850 auctores
552 2800 713 2852 confusione
730 2822 736 2852 r
757 2800 819 2855 ride
866 2801 930 2870 Quis
944 2811 997 2853 tam
1013 2800 1139 2873 longoevoe
1152 2801 1284 2854 minuimt
1296 2797 1359 2851 exbi-

314 2873 394 2927 modo
406 2875 471 2947 eleg.
488 2895 515 2942 1,
532 2879 575 2948 78.
864 2879 938 2932 bent.
968 2879 1078 2935 Sustulit
1106 2879 1220 2933 feliciter
1245 2877 1357 2932 mendum

350 2955 393 3020 la:
409 2956 470 3008 Non
482 2957 565 3024 nihil,
582 2949 633 3012 eto.
649 2977 703 3012 non
719 2959 819 3012 nullam
864 2959 1005 3012 Santeulus
1023 2957 1181 3031 reponendo
1198 2981 1204 3010 ε
1224 2960 1270 3013 Cui
1280 2959 1301 3012 εἰ
1312 2969 1358 3010 tert

313 3029 395 3086 babet
406 3053 507 3104 rerum,
520 3055 578 3107 quae
590 3037 672 3105 fiunt,
683 3041 820 3094 conscicn·
865 3039 952 3115 longae
962 3041 1114 3108 minuisset,
1127 3056 1180 3094 etc.
1192 3041 1245 3094 Sed
1260 3060 1306 3094 aec
1324 3057 1359 3092 sa·

313 3111 375 3162 tiam
395 3112 482 3166 tellus.
498 3115 606 3186 Stipite,
624 3131 654 3169 ut
667 3117 715 3184 lV,
728 3119 761 3184 6,
774 3120 817 3173 83.
864 3139 914 3174 nus
933 3124 1021 3175 rninor
1038 3140 1129 3175 versus
1146 3135 1202 3184 est;
1222 3124 1280 3194 quis
1299 3121 1358 3173 enin

313 3193 357 3244 Ad
373 3213 459 3248 acrum
479 3199 580 3269 sapiens
603 3209 678 3253 terra.
693 3199 760 3254 Vide
774 3219 819 3253 su·
866 3200 999 3254 Gallicum
1014 3221 1064 3273 pro
1076 3203 1194 3270 Trojano
1207 3199 1360 3274 accipiatdi-

314 3291 363 3344 prs
376 3273 442 3344 eleg.
462 3292 507 3340 ιο,
523 3277 548 3329 3.
863 3294 935 3333 ctum
946 3301 960 3332 a
973 3280 1088 3353 Phrygiae
1098 3281 1285 3334 fluvioflstto?
1296 3278 1360 3332 Troi-

349 3354 486 3428 lamque
495 3360 612 3422 utinum,
624 3372 674 3412 etc.
683 3362 818 3412 Postrema
863 3379 908 3412 cus
922 3359 990 3411 idern
1007 3360 1166 3426 Santonius,
1181 3360 1316 3413 Dardanus
1329 3357 1361 3409 le·

313 3432 371 3486 huc
386 3434 485 3488 turbati
500 3440 622 3490 carminis
641 3440 818 3509 fragmentum
862 3439 901 3508 git
913 3438 1090 3504 Burmannus,
1098 3437 1166 3490 Ilius
1175 3437 1360 3498 Lachmannut,

197 3567 204 3581 ,
313 3512 439 3567 Jacobsiu
459 3517 513 3568 visa
530 3515 577 3587 (in
594 3517 705 3589 epistola
719 3519 753 3570 ad
770 3521 818 3571 As·
864 3513 1361 3590 quodtenewCuisitamloupoeni

313 3593 392 3660 tium,
404 3611 483 3665 qutun
494 3614 573 3666 supra
584 3599 817 3668 memoravimus),
863 3597 964 3648 unisset
987 3596 1041 3648 fata
1062 3609 1177 3648 senectae
1199 3596 1268 3649 Ilius
1286 3593 1361 3648 iliacis

313 3669 465 3741 disjunctim
479 3677 563 3746 posita
573 3675 690 3730 Kainoel
698 3675 818 3743 exhibet,
862 3675 938 3730 miles
949 3677 975 3728 in
986 3676 1126 3748 aggeribus
1135 3715 1143 3743 ,
1152 3679 1216 3730 Non
1226 3677 1285 3744 ille,
1296 3690 1359 3729 etc·

312 3751 423 3804 meliore
433 3753 536 3824 judicio
554 3754 739 3810 Lachmannus
754 3775 819 3810 con·
863 3755 1027 3828 longefato
1039 3767 1160 3820 senectae,
1172 3771 1202 3809 ut
1218 3759 1245 3822 l,
1265 3773 1309 3826 19,
1326 3770 1359 3824 17·

314 3842 382 3882 texta
395 3831 528 3902 prioribus
548 3847 652 3902 tuetur,
674 3853 756 3906 quum
769 3855 818 3889 nec
863 3833 947 3901 Ilius,
964 3834 1058 3888 lliacus
1070 3857 1076 3886 :
1088 3837 1141 3901 lll,
1156 3835 1204 3900 13,
1218 3837 1250 3888 61
1262 3857 1270 3899 3
1282 3838 1323 3900 Ν,
1338 3850 1362 3896 1,

313 3926 392 3961 seusu
409 3905 497 3982 nedae
517 3913 607 3968 indole
627 3915 763 3970 differant.
783 3945 818 3956 -
864 3913 908 3968 ⁵3.
923 3912 1082 3990 broukhusii
1102 3913 1246 3967 lectionem
1266 3917 1293 3966 in
1313 3911 1362 3966 etli-

316 3989 378 4042 Tres
387 4009 496 4058 sorores,
508 3995 604 4050 Parce.
863 3995 937 4047 tione
946 3997 1090 4047 burmanni
1100 3999 1242 4068 repetitam
1252 4013 1305 4048 uon
1315 4012 1362 4045 11111·

259 4104 260 4107 =
349 4068 393 4135 45.
415 4071 487 4123 Nam
511 4092 579 4144 quo,
604 4085 654 4128 etc.
675 4095 729 4148 quo
748 4078 819 4128 enirn
863 4093 922 4140 ror,
935 4093 1015 4146 quam
1027 4088 1057 4128 ut
1069 4078 1159 4128 statim
1175 4074 1361 4147 rejiciamus

314 4145 388 4198 bono
412 4147 590 4219 protrahimur
613 4153 716 4204 vitam?
735 4171 819 4208 annos
865 4157 915 4208 erit
933 4153 1084 4226 vellerites
1098 4158 1242 4230 inspicere.
1260 4187 1293 4198 -
1311 4153 1362 4208 Ειι·
