2810 4978
280 674 546 774 ‘ELEGIA
582 678 814 776 XXXIV.

276 898 338 965 ao
361 896 597 964 uruouuu
619 897 828 970 euersor.
864 895 871 906 '

433 1265 666 1331 laoomruu.

5 1405 6 1474 j
86 1401 207 1463 Audacia
227 1403 344 1464 crimen
364 1402 548 1486 indignatur
568 1405 700 1488 Lyncei,
723 1403 777 1487 qui
799 1425 899 1488 nuper
915 1413 1078 1471 tentaverit

53 1517 218 1582 eorrumpere
234 1499 414 1584 cynthiam.
435 1503 507 1560 Jam
525 1503 621 1582 igitur
638 1505 672 1562 iu
690 1505 825 1563 amicitia
844 1502 939 1565 fidem
955 1507 1077 1568 nullam

52 1595 153 1658 assito
164 1621 225 1674 me,
239 1602 382 1682 Lynceo,
398 1599 512 1662 sodalis
525 1599 664 1662 sodalem
679 1600 807 1664 fallere?
826 1615 861 1664 tu
878 1617 979 1684 petere
993 1605 1078 1686 quod

51 1713 122 1769 amo,
136 1718 186 1758 noc
202 1699 336 1760 conscire
351 1699 408 1758 tibi
427 1698 590 1780 perfidiam
603 1697 712 1759 tuam?
730 1699 787 1759 Sed
801 1701 836 1760 iu
854 1699 915 1762 hoc
932 1701 1076 1779 demum,

50 1802 74 1850 te
91 1795 177 1874 potius
200 1797 327 1872 erroris,
352 1817 448 1878 quam
474 1796 590 1880 culpae,
610 1816 699 1856 reum
721 1795 872 1856 faciamus
892 1797 963 1858 licet
980 1799 1077 1858 :vino

49 1902 149 1970 eaptus,
164 1893 274 1967 amice,
290 1911 371 1970 eras,
386 1913 485 1974 quum
496 1893 598 1952 laesisti
612 1891 797 1975 Cynthiam3
813 1895 907 1975 capiti
921 1914 988 1953 non
1002 1916 1078 1955 sano

48 1983 151 2062 ignosco
167 1990 367 2050 temeritatem
387 2011 485 2050 suam.
503 1989 670 2066 Craterum,
687 1989 861 2072 gratulatur
878 1989 985 2050 Noster
1004 2011 1077 2050 oum

48 2080 97 2138 risu
108 2083 236 2165 Lynceo,
256 2083 339 2166 quod
354 2105 537 2167 aequoque,
551 2097 616 2145 tam
632 2083 760 2145 firmum
777 2083 840 2144 huo
854 2105 951 2168 usque
969 2086 1077 2146 adver-

5 2177 6 2182 ’
48 2196 89 2236 sus
104 2181 260 2259 Venerem,
279 2183 415 2244 feminea
437 2181 537 2265 figura
558 2183 674 2244 molliri
695 2204 800 2266 passus
822 2184 884 2243 sits
907 2197 1077 2245 amatorem

5 2335 12 2356 Ρ
47 2271 118 2335 illum
134 2275 311 2356 laetum,ut
323 2279 530 2366 philosophias
548 2283 610 2342 suis
628 2281 715 2342 libris
733 2281 897 2360 valedicat,
916 2279 1075 2358 hortatur3

5 2429 6 2432 ,
47 2382 127 2430 actum
137 2371 201 2453 jam
215 2373 254 2435 cle
267 2397 338 2436 sene
351 2377 484 2460 Epicuro
499 2398 578 2454 esse,
592 2375 783 2476 Callimacho
797 2373 856 2438 sibi
871 2397 943 2438 cum
957 2375 1075 2438 Phileta

6 2531 7 2534 ,
46 2471 213 2546 poscentibus
230 2473 345 2535 locum.
359 2475 442 2551 Hos,
459 2475 578 2556 inquit,
595 2495 734 2555 sequere3
750 2471 863 2534 horum
885 2487 920 2534 tu
940 2474 1076 2534 imitator

45 2582 103 2626 mue
112 2569 191 2649 quod
207 2569 318 2652 puellis
330 2570 445 2653 placet3
460 2569 579 2633 levibus
593 2571 688 2632 Musis
701 2592 788 2632 suam
804 2591 928 2654 quoque
943 2570 1074 2652 gloriam
1170 2633 1174 2643 ,

46 2679 107 2740 etse,
119 2685 189 2745 quas
202 2665 365 2748 Virgilius,
379 2687 479 2750 quum
491 2667 616 2752 Tityrus
629 2683 709 2744 erat,
721 2689 787 2730 non
800 2668 1002 2752 adspernatus
1018 2681 1073 2728 est.

492 2893 606 2912 -u-

79 2993 154 3106 Coa
165 3041 347 3134 quisquam
357 3039 479 3108 faeiem
489 3036 637 3106 domina
645 3037 847 3132 jamoredat
857 3038 994 3104 Amori?

114 3153 162 3218 Sic
173 3169 289 3246 erepta
300 3149 383 3220 mihi
394 3175 492 3245 paene
505 3147 620 3245 puella
631 3173 707 3217 mea
719 3167 779 3217 est

5 3299 6 3318 ι
75 3263 232 3355 Expertus
243 3263 336 3347 dioo,
349 3287 451 3331 nemo
463 3265 689 3332 estinamore
701 3257 831 3329 fidelis:

5 3385 6 3388 ’
113 3377 308 3442 Formosam
321 3397 398 3442 raro
411 3397 481 3441 nou
494 3371 557 3440 sihi
568 3375 713 3468 quisque
724 3371 817 3466 pefit.

5 3521 6 3530 =
74 3483 186 3553 Polluit
196 3483 254 3554 ille
265 3483 352 3554 deus
365 3501 543 3578 cognatae,
558 3481 657 3552 solvit
668 3483 810 3564 amicos,
1056 3492 1072 3546 ⁵

5 3629 7 3684 3
111 3599 152 3662 Et
162 3595 250 3664 bene
262 3595 447 3664 oouoordes
458 3595 565 3668 tristia
576 3590 620 3661 ad
632 3617 729 3662 arma
741 3607 848 3662 vocat.

5 3783 6 3796 ¹
66 3793 84 3828 ¹·
105 3783 156 3835 0¹⁴²·
173 3784 312 3856 quisquam
329 3780 448 3853 facim,
469 3793 519 3836 eto.
566 3779 630 3832 bula
648 3797 727 3850 quam
746 3777 879 3849 inscripsit
897 3774 923 3827 le
937 3775 988 3828 lton·
1004 3775 1073 3828 Con·

38 3863 108 3930 etquis
115 3865 170 3934 jam
181 3861 261 3934 (post
273 3877 321 3925 ea,
333 3877 391 3931 qua
402 3879 461 3912 sum
476 3877 522 3912 ex·
566 3857 646 3910 doale
658 3869 683 3909 et
696 3856 720 3910 le
733 3854 833 3910 Maitre
845 3873 878 3906 en
892 3855 967 3906 droit.

38 3942 122 4012 pertus)
137 3941 229 3992 Amori
242 3941 392 3991 committat
404 3937 522 4011 puellam
604 3939 628 3992 5.
642 3935 746 3989 Polluit
759 3935 806 3988 iile
821 3935 883 3987 deus
897 3931 1011 4008 (Amor)
1021 3935 1073 3987 im-

39 4021 113 4072 mam?
567 4018 641 4090 puris
651 4013 771 4088 ignibus,
785 4013 930 4078 adulterio,
939 4023 1070 4086 copulatos.

63 4095 84 4149 3.
103 4101 187 4154 Nemo
207 4111 245 4154 est
267 4099 295 4150 iu
317 4117 407 4151 amore
421 4094 521 4172 fidelis.
566 4095 883 4160 -Etbeneooncottles,
897 4093 1073 4148 eto.Ci.lmi·

5 4203 6 4206 ¹
39 4173 137 4232 utem
150 4181 301 4244 Fortunat,
319 4179 426 4245 Gentes,
441 4179 470 4229 in
484 4177 522 4229 la·
567 4187 615 4229 tat.
625 4173 695 4230 Gall.
708 4173 742 4228 ad
752 4173 836 4243 11,6‚
852 4172 892 4226 15.
