2810 4978
553 706 555 709 -
596 631 847 729 ELEGIll
884 635 1068 734 XXIV.

683 873 745 935 ln
769 872 977 938 lurcun.

777 1126 884 1141 η

717 1319 949 1358 ΑῆῦΰΙΕΜΰΙ.

346 1431 494 1494 Defendit
513 1424 679 1512 firmatque
700 1429 784 1512 apud
807 1431 945 1491 amicum
965 1431 1168 1510 sententiam,
1190 1451 1260 1514 quse
1281 1452 1350 1514 prc-

278 1578 282 1580 -
307 1531 394 1592 cessit
420 1531 454 1590 in
479 1529 617 1590 carmine
642 1528 798 1609 superiore
820 1527 939 1610 posita3
965 1529 1100 1588 nimium
1128 1529 1351 1608 incommodam

306 1647 493 1710 gravemque
510 1625 568 1688 sibi
587 1623 757 1708 Cynthium
774 1625 889 1707 quibus
904 1623 943 1686 de
960 1627 1058 1687 causis
1074 1625 1203 1702 dixerit,
1219 1639 1350 1696 enarrat;

304 1723 485 1807 volgivagas
507 1723 618 1784 liberas
640 1740 811 1805 perseverat
834 1722 1065 1786 honestioribus
1085 1724 1239 1808 praeferrc.
1259 1761 1295 1772 -·-
1313 1726 1351 1784 An

240 1831 241 1834 ’
306 1826 483 1886 Crnrnmn.
509 1821 674 1883 Perfidiam
697 1843 815 1883 novam
840 1823 933 1883 miser
956 1845 1064 1884 amans
1088 1826 1246 1906 queritur3
1267 1844 1350 1906 quern

306 1933 461 1982 recentem
487 1920 577 1980 istum
599 1933 664 1979 tarn
687 1919 856 2001 superbum
879 1918 1009 1980 rivalem
1031 1919 1147 1998 hahet,
1167 1919 1272 1995 hunc,
1292 1921 1351 2001 ipso

305 2031 380 2076 teste
395 2013 545 2100 Cynthia,
566 2016 600 2076 in
618 2030 775 2076 certamen
791 2016 854 2075 sire
872 2015 991 2096 ingenii
1009 2017 1072 2076 sive
1088 2017 1272 2076 constantie
1287 2035 1350 2098 pro·

304 2129 411 2190 vocat3
428 2115 541 2197 puellae
560 2133 623 2174 suae
643 2115 797 2189 insinuat,
810 2135 907 2195 quarn
921 2115 1037 2175 multos
1049 2113 1115 2196 jam
1130 2129 1203 2176 ante
1216 2113 1351 2196 repererit

305 2212 447 2288 fallaces3
462 2233 582 2273 servare
600 2210 696 2272 fidem
715 2211 792 2294 quid
806 2213 859 2291 sit,
879 2211 978 2272 alium
993 2225 1106 2296 praeter
1118 2234 1149 2274 se
1167 2231 1349 2296 quemquam

305 2308 448 2370 didicisse
460 2321 561 2390 negat.

776 2461 888 2478 -ιο-

353 2575 423 2685 Tu
435 2614 600 2711 loqueris,
616 2641 723 2712 quum
735 2618 780 2684 sis
789 2611 862 2709 jam
875 2636 956 2686 noto
967 2615 1082 2688 fabula
1092 2615 1195 2698 libro,

397 2731 440 2794 Et
453 2743 509 2794 tua
523 2730 567 2795 sit
578 2742 648 2795 toto
660 2726 804 2822 Cynthia
815 2727 1010 2798 lectaloro?

342 2965 364 3001 r.
381 2948 423 3000 Tu
439 2947 626 3021 loqueris,etc.
644 2949 713 3001 Octo
731 2945 807 3000 disti·
852 2962 906 3000 tam
922 2948 1034 3001 acer-hai
1054 2949 1153 3002 Mirum
1169 2967 1251 3014 sane,
1268 2949 1289 3000 si
1306 2945 1346 2998 tihi

302 3025 366 3095 cha,
381 3045 437 3098 qun
451 3029 585 3098 pertinere
599 3029 654 3079 visn
671 3025 807 3079 nonnullis
851 3025 918 3080 dura
936 3027 1047 3101 Cynthia
1067 3031 1114 3096 sit,
1136 3046 1221 3099 quum
1245 3043 1290 3096 per
1309 3038 1346 3075 to·

302 3105 337 3158 ad
357 3103 556 3160 antecedentem
583 3105 695 3176 elegiam
717 3107 808 3178 scripti
851 3119 906 3160 tam
922 3107 1016 3160 urbem
1035 3109 1182 3160 innotueris
1202 3105 1306 3172 libello,
1323 3105 1346 3155 in

303 3203 385 3237 mann
407 3183 519 3238 Codices
540 3197 613 3237 recta
634 3183 807 3256 dispositione
853 3207 908 3259 quo
916 3201 989 3240 tuam
997 3185 1068 3240 illam
1076 3187 1344 3258 dictitatarnlegimru!

301 3267 443 3336 separatim
456 3263 526 3315 edita
545 3265 720 3316 constituunt.
734 3261 808 3314 Scili·
852 3265 971 3329 Scilicet,
984 3278 1014 3316 nt
1026 3267 1183 3337 respiciatur
1195 3265 1229 3316 ad
1240 3283 1271 3316 ea
1284 3265 1306 3329 l,
1319 3262 1345 3325 8,

302 3357 359 3410 cet,
374 3361 456 3413 quum
471 3341 505 3392 ad
516 3343 630 3392 amioum
643 3341 806 3408 (cumiurtc,
852 3343 883 3410 41
905 3365 911 3394 r
935 3343 1027 3396 asum
1048 3345 1127 3416 ipitur
1145 3345 1247 3408 Musa,
1270 3355 1345 3411 neque

304 3423 350 3494 qui
361 3419 538 3492 Demophoon
553 3418 636 3491 elegio
650 3437 682 3472 22
695 3419 807 3492 dicitur)
852 3423 950 3474 amanti
968 3421 1059 3474 tardus
1079 3419 1197 3492 Apollo;
1217 3421 1282 3488 Quis
1303 3433 1345 3488 ego

301 3520 408 3554 carmen
421 3501 603 3552 transmissum
618 3500 704 3552 fuerat
714 3501 807 3552 vicesi-
851 3501 933 3553 fretus
950 3519 1018 3552 amo.
1035 3499 1150 3572 Cynthia
1164 3517 1222 3550 rara
1238 3516 1293 3548 mea
1306 3504 1343 3546 est.

300 3597 374 3632 mum
393 3580 519 3646 tertium,
540 3581 568 3630 in
587 3597 641 3650 quo
660 3577 807 3632 valedicere
851 3577 931 3633 Nunc
942 3579 1007 3632 mihi
1016 3597 1118 3632 summa
1130 3578 1191 3630 licet
1204 3579 1345 3646 contingere

301 3661 380 3712 castis
399 3658 552 3725 amoribus,
571 3660 682 3728 ingratis
706 3661 806 3731 qnippe
852 3660 939 3712 sidera
952 3659 1051 3731 plantis
1067 3679 1073 3708 ι
1091 3659 1149 3710 Sive
1167 3656 1226 3709 dies
1239 3675 1285 3710 seu
1299 3669 1344 3706 nox

300 3741 424 3804 nimium,
441 3740 605 3810 Propertium
622 3737 748 3805 vidimus,
766 3755 806 3790 rc-
849 3741 965 3802 venerit,
977 3738 1146 3790 illamcaest.
1159 3761 1170 3784 ι
1182 3739 1295 3788 Primum
1304 3733 1344 3785 hu·

301 3815 434 3888 sponderc
447 3815 805 3889 lingiturhisverhisaniicus
847 3821 891 3890 jus
910 3821 994 3870 nostri
1016 3819 1139 3870 carminis
1164 3815 1293 3868 distichon
1309 3815 1344 3864 in-

301 3895 458 3967 objiciens:
482 3898 544 3948 «Tu
570 3895 701 3968 loqueris,
721 3918 804 3970 quum
850 3911 963 3970 terprete
980 3897 1151 3949 Lachmanno
1170 3899 1209 3949 ita
1226 3915 1299 3968 cape.
1318 3895 1342 3944 ln

300 3975 336 4026 sis
344 3977 400 4046 jem
412 3986 477 4024 noto
494 3973 586 4027 fabula
597 3975 681 4041 libro,
700 3978 733 4028 Et
746 3979 803 4028 Tua
848 3979 894 4044 iis,
911 3995 968 4049 quse
982 3991 1145 4047 sequuntur,
1157 3977 1274 4028 amicum
1288 3976 1343 4024 Pro·

294 4053 333 4104 sit
352 4065 410 4104 toto
429 4052 542 4122 Cynthia
557 4054 627 4107 l'eeta
643 4057 744 4108 toro?-
761 4058 802 4108 Tn
847 4058 948 4128 portius
967 4054 1081 4120 refellit,
1104 4053 1218 4128 Cynthia
1233 4067 1341 4128 quedam

301 4133 338 4184 ita
353 4131 487 4203 loqueris?
504 4145 532 4184 tu
547 4135 634 4204 jacere
651 4135 678 4186 in
690 4133 801 4206 pudicas
846 4153 907 4190 vere
918 4137 968 4204 sit,
981 4153 1128 4208 exponens.
