2940 4974
301 429 345 506 44
607 417 871 486 PROPERTII
896 417 983 482 LlB.
1011 419 1038 482 l.

395 551 441 614 Ut
451 549 589 614 veniant
600 543 734 613 hederae
745 557 866 637 sponte
878 565 941 610 sua
949 540 1088 626 melius3

347 663 468 751 Surget
478 675 513 727 et
523 662 559 726 in
570 657 651 726 solis
663 657 846 726 formosius
857 655 1000 725 arbutus
1011 655 1135 737 antris;

393 773 437 837 Et
448 771 531 838 sciat
540 767 702 838 indociles
715 790 852 835 currere
865 763 1006 860 lympha
1016 767 1098 832 vina.

345 883 459 950 Litora
469 883 591 949 nativis
604 879 773 948 collucent
783 880 874 972 picta
884 875 1025 970 lapillis,

393 995 437 1058 Et
446 989 602 1060 volucres
614 989 710 1058 nulla
721 987 856 1056 dulcius
867 1004 940 1056 arte
952 1001 1091 1056 canunt.

346 1107 423 1172 Non
434 1107 482 1172 sic
493 1105 674 1196 Leucippis
687 1100 863 1170 succendit
873 1103 1012 1169 Castora
1022 1095 1166 1180 Phoebe,
1331 1110 1364 1162 15

393 1192 566 1282 Pollucem
578 1213 673 1282 cultu
684 1236 753 1280 non
767 1209 1019 1296 Hilairasoror3
1412 1193 1425 1216 ’

347 1329 438 1408 Non,
453 1322 522 1392 1dae
534 1341 568 1393 et
579 1323 704 1418 cupido
715 1322 891 1419 quondam
901 1319 1070 1391 discordia
1080 1319 1221 1402 Phoebo,

394 1437 501 1502 Eveni
513 1437 628 1527 patriis
641 1431 710 1501 iilia
720 1432 891 1516 litoribus3

347 1549 419 1613 Neo
428 1541 614 1638 Phrygium
624 1541 710 1611 falso
721 1544 823 1610 traxit
834 1539 981 1610 candore
992 1542 1152 1612 maritum

395 1661 519 1724 Avecta
530 1655 676 1722 externis
689 1651 917 1748 Hippodamia
929 1653 1029 1722 rotis:
1327 1683 1365 1715 ιο

301 1905 443 1960 Submittir.
449 1907 487 1960 Ut
494 1905 647 1978 perficiatur
659 1925 762 1976 muana,
772 1925 805 1962 ex
849 1910 982 1979 ninganua
995 1919 1051 1976 eat,
1062 1905 1204 1960 lectionem
1212 1907 1273 1975 jure
1282 1919 1367 1954 con-

301 1983 385 2036 altero
397 2003 475 2038 versu
487 1979 675 2037 retrahendam
684 1985 806 2038 hncetae
849 1987 995 2051 mendane,
1009 2004 1089 2059 qnam
1105 1997 1133 2038 et
1150 1985 1202 2056 ipsi
1220 1995 1364 2054 receptam

301 2072 393 2134 sponte
415 2081 464 2115 sua
489 2062 677 2115 Lachmannua
708 2063 805 2130 docet,
851 2065 1027 2119 defendimus.

302 2159 384 2214 qnam
395 2153 423 2192 et
436 2153 492 2194 arte
505 2155 599 2194 coacta
612 2155 681 2195 terra
692 2141 806 2209 colores,
869 2165 872 2170 ¹
890 2145 931 2198 15.
952 2145 1017 2198 Non
1038 2143 1094 2210 sic,
1110 2159 1167 2194 non
1188 2139 1282 2208 cultu,
1304 2157 1365 2192 non

301 2218 395 2286 floret,
410 2219 556 2272 submittat.
853 2235 979 2277 anteana.
993 2249 1030 2264 -
1044 2220 1140 2273 rtoete
1154 2233 1181 2272 et
1193 2217 1300 2272 Hilat'ra
1312 2237 1366 2270 ao·

340 2317 381 2352 11.
393 2299 457 2353 Solu
467 2311 559 2367 antra,
570 2298 683 2353 deserta.
695 2327 732 2340 -—
742 2301 808 2353 For-
852 2320 943 2372 rores,
961 2302 1091 2372 Leucippi
1109 2298 1169 2352 fllia
1186 2295 1278 2369 (nude
1290 2297 1366 2349 Leu-

302 2380 406 2434 mosius.
421 2379 561 2452 Explicuit
572 2379 624 2432 hoc
634 2377 747 2432 verbum
755 2396 808 2430 no·
852 2382 936 2456 cippis
944 2379 1017 2433 dicta
1024 2379 1097 2450 illa),
1108 2395 1167 2452 qun
1179 2395 1262 2450 qnam
1270 2389 1366 2429 eaeent

302 2471 357 2512 tata
370 2459 404 2512 ad
414 2459 480 2530 eleg.
495 2476 544 2527 no,
561 2459 733 2528 dra-Sciat
749 2477 809 2512 σαν·
852 2465 958 2534 Lynceo
986 2473 1066 2532 atque
1090 2457 1142 2510 lde·
1166 2455 1364 2528 despuman,

303 2557 374 2604 rere,
390 2551 497 2592 currat:
511 2539 649 2612 videeleg.
665 2555 696 2607 t,
714 2537 753 2591 15.
767 2539 808 2591 Da
852 2539 947 2592 Castor
971 2539 1102 2602 alteram,
1128 2533 1239 2590 alteram
1263 2533 1366 2588 Pollux

302 2618 809 2690 formarummuiar,eleg.r,18.-
853 2619 951 2690 rapuit.
979 2617 1058 2669 conr.
1083 2614 1183 2686 Gierig.
1215 2612 1250 2667 ad
1278 2611 1360 2666 Orid.

301 2695 449 2761 Indociles,
467 2697 540 2748 omni
555 2696 614 2766 lege
626 2693 736 2748 tolutat-
852 2695 923 2748 Fatt.
935 2697 973 2760 V,
985 2693 1038 2764 699
1050 2711 1108 2766 sqq.

341 2773 381 2825 13.
396 2773 501 2839 litora,
516 2787 568 2825 etc.
578 2773 664 2844 Vulgo
675 2794 681 2823 ε
698 2773 809 2825 «Litora
893 2788 933 2841 ¹7·
941 2771 1005 2822 Non
1016 2772 1055 2822 sic
1064 2771 1092 2821 in
1101 2769 1190 2841 patrio
1201 2767 1363 2822 litorecnlta

303 2849 405 2904 nativos
417 2867 467 2922 per
481 2869 508 2904 se
522 2851 584 2903 dent
597 2852 670 2922 picta
687 2847 809 2923 lapillos,
853 2850 977 2921 Marpeaa
990 2863 1060 2917 erat,
1076 2867 1134 2920 qna
1153 2845 1288 2920 quondam
1307 2846 1364 2900 ldae

303 2930 335 2980 Et
348 2925 471 2981 volucres
485 2926 559 2981 nulla
573 2926 679 2982 dulcius
693 2943 749 2981 arte
763 2945 809 2980 ca·
854 2941 882 2982 et
891 2927 992 2980 Phoebn
1004 2927 1143 2982 diacordim
1157 2945 1239 2979 nanta
1251 2927 1362 2979 exstitit.

303 3018 371 3059 nant
376 3029 407 3070 μ
422 3006 486 3060 dent
496 3020 523 3059 et
533 3019 632 3060 canant
641 3005 809 3078 subjunctivo
852 3010 930 3060 Hanc
950 3006 1064 3075 scilicet,
1081 3007 1165 3058 Eueni
1184 3005 1281 3072 filiam,
1297 3003 1364 3058 ldae

303 3099 440 3158 tempora,
459 3099 491 3140 ut
514 3105 530 3138 a
553 3086 735 3159 superioribus
754 3085 809 3139 hoc
852 3101 978 3160 rapuerat
984 3107 992 3150 ;
1005 3100 1140 3160 raptorem
1152 3085 1228 3154 filie,
1244 3084 1291 3138 red
1302 3085 1364 3137 frn-

304 3165 436 3219 distichon
446 3165 571 3238 pendeat.
587 3167 640 3219 Sed
651 3167 752 3220 nativos
761 3186 810 3240 per
852 3181 922 3235 atra,
938 3179 1014 3240 pater
1028 3167 1192 3238 insequitur,
1208 3183 1320 3237 aereque
1333 3166 1365 3217 in

303 3263 329 3298 re
338 3245 400 3297 dent
414 3244 520 3318 lapillos
535 3245 660 3318 scaligeri
673 3263 809 3298 commen·
853 3247 964 3300 fluvium
973 3248 1128 3320 Lycormam
1139 3245 1300 3318 precipitat,
1314 3247 1365 3316 qui

304 3337 361 3377 tum
375 3339 429 3393 eat,
443 3337 548 3378 erutum
560 3325 661 3378 scilicet
677 3343 709 3377 ex
724 3324 809 3380 altera
853 3327 940 3381 dictus
953 3327 1016 3381 inde
1027 3331 1141 3381 Evenua.
1154 3327 1224 3379 ‘l'um
1235 3325 1310 3379 ldarn
1323 3329 1365 3380 in·

305 3403 435 3457 Codicum
443 3407 593 3476 parte,qni
604 3404 810 3476 andnuman·
854 3421 895 3460 ter
918 3421 944 3460 et
961 3405 1091 3461 Phoebum
1113 3408 1230 3460 exoritur
1248 3420 1365 3480 propter

305 3483 367 3536 dent
384 3483 486 3556 lapillis
505 3481 646 3548 exhibent,
668 3496 696 3535 et
712 3493 812 3536 canant
853 3485 972 3559 puellam
985 3488 1138 3554 contentio,
1153 3505 1236 3558 qnam
1256 3489 1364 3540 Memn-

306 3579 357 3632 pro
372 3575 473 3616 manat
489 3562 593 3634 scriptia
610 3560 810 3626 aduersantibus
854 3567 909 3618 rina
924 3584 940 3618 a
954 3567 1022 3620 Jove
1037 3568 1132 3619 miaaua
1145 3567 1184 3618 ita
1197 3565 1315 3632 dirimit,
1331 3581 1365 3619 nt

306 3638 379 3691 libris
398 3653 502 3693 tantum
521 3659 576 3693 non
595 3639 720 3693 omnibns
739 3640 811 3694 idem
855 3643 935 3714 eligat
948 3643 993 3697 illa
1007 3663 1086 3717 quem
1100 3643 1182 3698 velit:
1196 3644 1270 3716 elipit
1286 3641 1364 3697 ldam

306 3714 350 3770 ille
361 3721 492 3790 reposuit.
504 3723 585 3773 Porro
597 3721 625 3772 in
639 3718 811 3772 mvocahula
855 3727 989 3796 Marpeta.
1012 3724 1080 3777 Vide
1101 3725 1209 3776 Homer.
1233 3721 1309 3777 iliad
1335 3747 1365 3792 ι,

306 3796 409 3851 nativos
426 3810 453 3850 et
467 3817 517 3869 per
531 3817 558 3852 re
570 3801 656 3852 otiose
669 3798 810 3870 copulata,
857 3803 908 3858 553
923 3823 982 3877 sqq.
994 3804 1153 3876 Apollodor.
1165 3806 1191 3873 l,
1205 3805 1232 3859 8.

307 3874 418 3928 verbum
442 3875 574 3948 adspicere
597 3889 726 3949 praeterea
749 3897 811 3930 oum
895 3879 1366 3957 19.rtec1³try9tummartum(ma-

308 3956 397 4008 avium
416 3967 498 4008 cantu
518 3976 573 4010 non
595 3958 664 4010 bene
682 3968 812 4010 tuomum
857 3962 919 4014 vitan
929 3979 980 4033 pro
992 3975 1129 4028 amatore,
1143 3962 1179 4014 de
1190 3979 1244 4034 qno
1254 3961 1367 4014 Servius

216 4099 218 4102 v
307 4035 491 4090 Lachmannna
501 4040 671 4111 reprehendit
684 4080 693 4109 ,
707 4060 740 4094 ex
754 4040 811 4094 aliia
857 4043 893 4096 ad
903 4043 994 4114 virgil.
1007 4043 1172 4110 AEneide,
1186 4040 1363 4118 stoma,

307 4114 814 4194 libriacompluribna,interquosGro·
858 4121 990 4190 adtraxit,
1010 4121 1153 4195 Pelopem,
1175 4122 1364 4194 extemis-ejus
