2940 4974
316 435 354 500 16
637 434 900 500 PROPER'Pll
924 434 1036 497 ΙΙΙΤΔ

310 561 526 624 continebatur
542 583 550 621 t
564 559 627 622 vid.
642 560 801 640 Castigatt.
814 559 847 618 in
860 559 999 640 Propert.
1014 557 1254 640 pag.med.219.
1271 559 1359 620 Circa

309 658 392 719 idem
411 671 532 739 tempus
554 657 675 718 videtur
696 656 788 716 etiam
811 653 909 735 elegia
928 675 962 714 at
984 653 1039 714 lib.
1053 655 1098 714 ΙΙΙ
1116 655 1228 735 scripta
1250 651 1358 732 fuisse,

310 775 409 836 quum
421 775 457 814 ex
470 753 663 836 impatientia
684 751 817 825 amoris,
838 750 887 810 cui
902 747 1038 832 Cynthia
1058 750 1213 810 nonsatis
1234 771 1359 832 respon-

310 851 419 926 debat,
434 853 492 912 iter
509 849 643 912 Athenas
657 847 887 932 suscipiendum
901 847 1068 908 simularet.
1083 841 1141 906 Viti
1161 847 1245 907 enim
1259 844 1360 907 addu-

309 969 362 1011 cor
374 963 410 1010 ut
423 950 566 1024 credam,
589 962 715 1033 poetam
732 967 883 1029 umquam
898 947 955 1005 iter
969 945 1087 1020 fecisse,
1101 965 1141 1006 ne
1161 966 1216 1027 per
1229 944 1359 1026 elegiam

309 1118 403 1182 nermi,
413 1113 578 1182 Callimachi,
588 1128 615 1168 et
624 1113 729 1168 Philetae
739 1113 813 1178 libel·
857 1125 979 1184 queru,ut
987 1111 1074 1164 adbuc
1080 1109 1361 1182 parrasacrabenigue

309 1193 349 1248 los
361 1193 496 1266 intelligit,
509 1197 552 1246 cui
565 1208 717 1247 commento
728 1211 813 1264 quan·
856 1192 977 1260 accipere
985 1190 1061 1253 velit,
1069 1201 1160 1260 rogan
1168 1187 1308 1256 hisersus,
1320 1191 1361 1240 in·

309 1275 406 1326 tumvis
422 1275 514 1346 inepto
530 1275 712 1341 Burmannus,
727 1287 757 1325 ut
773 1285 813 1324 est
857 1286 953 1340 quam,
967 1267 1046 1334 alibi,
1060 1286 1140 1338 quum
1156 1268 1184 1318 iu
1198 1268 1286 1340 cupite
1297 1265 1361 1318 libri

309 1351 373 1404 levis
383 1365 409 1404 et
417 1351 562 1418 mutabilis,
569 1365 595 1404 et
602 1353 653 1424 ipsi
662 1353 812 1406 assentitur.
857 1347 979 1418 Augusto
989 1345 1117 1415 dedicati,
1128 1348 1194 1420 poni
1203 1365 1258 1399 non
1268 1361 1362 1418 potue·

308 1429 431 1483 barthius
450 1432 478 1482 in
496 1431 556 1482 Vita
576 1432 705 1502 Propertii
724 1429 814 1501 (infra
857 1442 927 1480 runt.
938 1429 1009 1496 Quid
1024 1429 1176 1482 dubitamus
1187 1429 1283 1498 igitur,
1296 1429 1361 1499 quin

310 1529 372 1582 pag.
386 1511 447 1582 25),
466 1509 512 1561 ·si
531 1511 589 1581 quis
605 1529 637 1562 ea
653 1529 681 1562 se
698 1523 813 1582 quaerat,
857 1503 925 1558 liber
941 1508 1033 1558 tertius
1045 1507 1079 1558 ab
1093 1526 1126 1560 eo
1139 1508 1272 1572 carmine,
1284 1507 1361 1575 cujus

310 1608 358 1642 cur
374 1589 430 1642 haec
446 1588 515 1640 libro
535 1589 654 1642 secundo
674 1588 812 1660 leguntur,
857 1583 914 1636 hec
925 1585 1052 1656 particula
1067 1597 1198 1658 superest,
1205 1587 1307 1638 inicum
1319 1603 1362 1638 ce·

309 1687 359 1721 nec
381 1668 487 1720 dernum
510 1670 606 1735 tertio,
626 1665 731 1722 facilem
755 1687 813 1722 este
856 1666 943 1737 pisse,
959 1679 1099 1737 sequentes
1116 1678 1203 1718 autem
1222 1663 1299 1728 libri,
1313 1666 1361 1737 qui

309 1748 508 1817 responsionem
525 1767 537 1792 ι
555 1745 637 1812 dicit,
660 1748 811 1818 «quornm
858 1741 945 1796 adhuc
956 1763 1006 1816 pro
1020 1747 1097 1798 tertio
1113 1758 1263 1816 quartoque
1275 1741 1360 1796 habiti

309 1824 434 1875 nimirum
446 1842 533 1895 neque
550 1825 703 1895 Propertius
724 1843 812 1896 neque
857 1835 933 1890 tunt,
943 1836 1051 1895 quartus
1059 1824 1219 1894 quintusque
1227 1824 1360 1874 numerari

309 1903 435 1955 llorutius
444 1905 562 1956 carmina
571 1923 619 1956 sua
632 1902 726 1956 ordine
737 1904 814 1957 chro-
857 1897 1018 1952 debuerint?

310 1981 434 2053 uologioo
446 1984 594 2053 composita
606 1982 751 2050 ediderint,
765 1983 813 2036 sed
892 1979 939 2032 llis
960 1981 997 2030 ita
1019 1980 1113 2050 positis
1133 1996 1216 2050 quum
1236 1996 1360 2048 maguam

308 2059 352 2112 ille
373 2063 523 2132 promiscue
541 2065 686 2132 conjecerit
704 2065 732 2114 in
751 2063 812 2116 illos
857 2074 959 2130 partem
976 2077 1086 2124 eorum,
1108 2076 1165 2130 quse
1185 2057 1307 2112 barthius
1326 2057 1360 2111 de

309 2138 377 2192 duos
389 2139 470 2192 libros
484 2139 648 2209 (secundum
662 2159 694 2192 ac
706 2143 811 2194 tertium
856 2154 975 2213 tempore
985 2140 1106 2193 editionis
1116 2139 1243 2192 librorum
1249 2141 1360 2212 Proper·

309 2217 430 2290 intelligit
446 2217 600 2290 Barthius)‚
615 2219 743 2291 quidquid
759 2219 809 2272 ele·
857 2221 902 2284 tii,
922 2221 996 2272 vanis
1017 2217 1238 2271 hariolationibus
1260 2221 1360 2288 magis,

308 2297 413 2366 giarum
422 2295 457 2347 ad
470 2315 564 2348 manus
576 2310 660 2361 essct,
671 2300 749 2350 aienti
758 2301 813 2350 Hc-
857 2316 936 2369 quarn
952 2298 1030 2350 certis
1048 2299 1180 2350 rationum
1199 2299 1360 2369 argumentis

309 2375 391 2428 ratius
401 2373 551 2427 udaslibril
561 2379 813 2448 etll,nnotempore
857 2376 988 2442 conlisus,
1005 2375 1164 2448 disputarit,
1181 2378 1262 2428 everti
1277 2395 1360 2448 appa-

309 2456 473 2525 conjunctim
487 2453 727 2526 editi,promiscue
740 2457 814 2511 ordi·
856 2469 928 2521 rect,
943 2454 975 2507 de
987 2453 1039 2506 bac
1051 2473 1078 2506 re
1088 2455 1174 2506 risum
1189 2465 1228 2506 est
1239 2473 1284 2522 ea,
1302 2474 1360 2527 que

308 2535 420 2586 neverit.
430 2557 441 2580 ι
453 2535 553 2586 Damus
563 2533 631 2588 hocs
642 2535 689 2588 sed
697 2536 812 2590 absurde
857 2534 947 2586 omniu
956 2532 1008 2584 huc
1022 2533 1180 2604 pertinentia
1193 2533 1359 2603 acquirendo

309 2625 399 2666 tamen
412 2613 466 2682 egit
476 2626 573 2683 poeta,
585 2615 608 2666 si
621 2613 673 2667 hoc
688 2635 812 2684 carmen,
856 2614 955 2684 reperi,
967 2610 1102 2664 nonnullis
1112 2609 1145 2662 de
1153 2613 1205 2662 rita
1216 2613 1360 2684 Propertii,

309 2693 335 2742 iu
350 2709 405 2762 quo
417 2693 496 2742 trium
512 2691 641 2744 librorum
659 2696 757 2748 mentio
771 2696 812 2746 in·
857 2709 914 2762 quae
930 2709 1027 2761 parum
1042 2688 1180 2759 explorata
1193 2689 1255 2742 viris
1273 2688 1359 2744 doctis

304 2771 412 2840 J'icitnr,
434 2769 509 2822 nulla
529 2771 636 2842 quidem
653 2775 812 2826 necessitate
857 2789 914 2823 esse
924 2769 1110 2836 animadverti,
1121 2767 1245 2840 adjectis,
1255 2771 1361 2823 curiosa

308 2848 556 2919 cogente,secundo
564 2851 684 2902 inseruit.
692 2851 812 2904 Hoccine
857 2868 889 2902 ac
909 2847 1049 2920 diligenter
1075 2866 1216 2920 exponere.
1243 2849 1359 2900 Primum

307 2927 403 2998 igitur,
416 2945 448 2977 an
460 2929 550 2998 potius
563 2926 616 2979 hoc
630 2947 737 2981 carmen
747 2929 810 2981 olim
855 2929 934 3000 igitur
948 2927 1026 2998 (nam
1041 2926 1103 2980 hinc
1125 2925 1283 2980 ordiendum
1302 2929 1361 3001 est)

307 3009 335 3058 in
345 3005 414 3058 libro
421 3009 498 3060 tenio
508 3006 606 3058 lectum
617 3008 708 3074 fuisse,
718 3019 810 3078 postea
855 3008 1009 3080 Propertius
1021 3009 1077 3078 ipse
1089 3005 1139 3059 sibi
1151 3008 1223 3060 testis
1238 3019 1277 3059 est
1293 3009 1362 3081 Gyn-

307 3097 410 3152 autem,
425 3103 506 3158 quum
520 3085 630 3137 secundi
641 3104 737 3157 magna
747 3105 810 3158 pars
856 3083 938 3138 thiam
950 3105 999 3157 per
1013 3087 1129 3158 quinque
1146 3104 1230 3138 annos
1246 3081 1364 3140 fideliter

308 3163 496 3231 intercidisset,
515 3163 566 3217 hos
579 3163 647 3218 duos
663 3164 746 3218 lib'ros
760 3186 810 3238 pro
856 3167 983 3219 amavisse
995 3163 1063 3233 (ΙΙΙ,
1076 3163 1124 3231 25,
1137 3162 1187 3236 ³)=

307 3261 362 3295 uuo
380 3242 486 3295 habitos
505 3259 563 3294 esse
583 3243 811 3298 existimabimus?
856 3275 951 3332 Qum
960 3273 999 3316 ὣς
1007 3275 1066 3331 ,mi
1074 3273 1150 3318 mi„
1158 3273 1247 3319 m„
1254 3289 1327 3321 ,m

307 3322 430 3389 Accedit,
445 3320 519 3394 quod
531 3339 613 3374 unum
630 3335 670 3376 est
682 3325 752 3376 inter
767 3323 811 3376 illa

306 3401 473 3474 fragmenta,
492 3399 583 3472 quod,
604 3419 687 3472 quum
705 3399 812 3469 locum,

308 3483 352 3534 cni
367 3479 494 3547 debetur,
510 3493 665 3552 argumento
678 3483 727 3533 suo
741 3479 811 3533 clare

307 3559 422 3626 indicet,
435 3561 615 3630 conjecturam
629 3571 750 3612 nostram
763 3577 812 3611 nc·

307 3657 338 3689 ra
354 3637 555 3690 confirmations
573 3639 601 3688 in
618 3649 675 3689 tuto
688 3635 810 3691 collocat.

307 3717 409 3788 Nempe
419 3715 448 3767 hi
457 3733 547 3768 versus
558 3715 598 3784 (ΙΙ
605 3753 614 3782 ,
632 3715 692 3787 to)=

856 3361 913 3414 llos
924 3379 1005 3434 quum
1015 3361 1122 3415 vidisset
1130 3361 1269 3431 barthius,
1284 3363 1361 3418 huuc

856 3459 973 3498 amorem
987 3439 1099 3493 fidenter
1114 3459 1185 3494 anno
1201 3443 1234 3494 U.
1248 3443 1278 3496 C.
1295 3447 1361 3496 Var-

855 3521 967 3572 roniano
985 3521 1036 3590 7²³
1055 3533 1082 3572 et
1101 3531 1217 3592 quatuor
1229 3519 1302 3574 hune
1318 3523 1363 3574 in·

857 3599 953 3650 secutis
967 3599 1123 3668 assignarit,
1140 3601 1294 3668 conjectura
1312 3599 1362 3652 du·

857 3689 933 3742 ctus,
955 3695 1036 3748 quam
1057 3679 1097 3729 rei
1120 3675 1281 3749 explicandae
1303 3697 1361 3732 non

857 3755 981 3808 idoneam
996 3755 1063 3809 alius
1075 3755 1150 3810 locus
1167 3757 1283 3811 ostendit
1294 3758 1360 3828 (ΙΙΙ,

307 3829 810 3887 εεᾱιιωρωιωιηαιιῑῑιιωὶωιιιειιοιάι,αο.
861 3836 947 3907 16‚9)
954 3874 963 3902 ‚

308 3925 405 3998 quibus
413 3923 528 3998 puellam
538 3942 613 3978 suam
622 3927 678 3996 jam
688 3927 750 3979 satis
760 3925 811 3979 sibi
855 3947 961 3990 tamnu.
969 3945 1044 3996 amer,
1052 3955 1073 3988 et
1082 3955 1150 3990 mm
1158 3961 1204 3990 m,
1213 3947 1284 4006 ,urm
1293 3949 1314 3993 ᾗ,
1323 3965 1361 3993 „„

308 4009 433 4077 scriptam
451 4016 559 4072 narrat,
579 4021 622 4057 res
640 4004 674 4058 ab
689 4007 809 4076 Augusto
935 4021 998 4056 nunt

211 4139 213 4142 Α
307 4100 393 4158 gestas
422 4083 615 4138 celebraturum
635 4089 809 4156 promittens,
856 4089 902 4159 qui
930 4105 1017 4140 versus
1048 4089 1090 4140 isti
1117 4088 1220 4142 calculo
1252 4109 1359 4144 omnent
