2870 4968
397 649 648 746 ELEGIA
678 651 785 749 XV.

409 890 473 954 ao
495 861 769 960 ciuufflau'.

543 1143 649 1155 0——

124 1307 153 1367 tn
164 1327 195 1368 eo
207 1309 383 1391 Propertius
397 1321 433 1368 ut
447 1330 477 1370 se
491 1312 570 1369 mari
585 1312 776 1386 committat,
791 1308 940 1391 frigidum
957 1321 1061 1394 pectus
1075 1309 1123 1368 in·

95 1417 161 1464 cusat
179 1403 332 1488 Cynthiae,
355 1427 425 1486 quae
447 1407 499 1466 vix
519 1408 652 1467 amantis
672 1406 848 1490 periculum
873 1408 1025 1488 cogitans,
1049 1407 1124 1466 dare

95 1499 179 1562 loma
191 1502 339 1583 gaudeat,
355 1515 392 1562 ut
404 1505 502 1584 prius,
521 1525 665 1587 operam,
682 1527 739 1566 nec
755 1505 793 1566 de
806 1507 907 1566 cultus
920 1518 951 1566 et
964 1505 1123 1583 elegantiae

93 1597 174 1658 studio
184 1599 353 1682 quidquam
365 1601 529 1662 remittere.
542 1603 614 1662 Non
626 1603 668 1662 sic
678 1602 819 1684 Ulyssem
832 1603 965 1685 Calypso
976 1600 1049 1677 sibi,
1060 1621 1125 1661 nou

93 1699 124 1756 sic
140 1699 207 1780 eripi
229 1699 286 1759 sibi
310 1698 389 1758 vidit
410 1698 583 1782 Hypsipyle
605 1702 753 1760 Jasonem
777 1720 870 1760 suum
893 1721 900 1757 ε
927 1701 962 1758 in
985 1697 1124 1779 exemplo

30 1793 31 1800 '
92 1792 182 1870 luisse,
196 1816 270 1876 quas
287 1795 429 1856 aemulari
444 1793 629 1875 gloriaretur
645 1797 728 1877 ipsa,
748 1809 812 1856 tam
829 1795 963 1856 illustres
982 1793 1124 1854 feminas.

93 1891 181 1952 llcsine
190 1890 294 1974 jurare
307 1892 402 1952 iidem
411 1913 419 1966 ;
435 1913 519 1952 nova
532 1894 622 1953 mitte
637 1891 771 1977 perjuria
787 1916 794 1951 :
809 1890 931 1953 mollire
946 1891 1040 1951 disces
1056 1891 1125 1950 ani-

92 2007 176 2064 mum,
190 1991 214 2050 si
230 1989 360 2072 quando
376 2001 411 2049 tu
426 2010 549 2070 quoque
565 1989 676 2049 acerba
690 1990 811 2050 sentias.
829 1989 1014 2050 Mansuram
1030 2012 1061 2052 se
1075 1991 1125 2048 ni·

92 2080 234 2146 lilomiuus
246 2085 346 2146 fidum
358 2085 469 2168 puellae
481 2106 558 2159 suee3
569 2085 722 2168 quidquid
733 2086 847 2161 levem,
861 2085 1015 2169 quidquid
1026 2089 1126 2168 ingra-

93 2193 140 2238 tam
151 2195 288 2262 aegerat,
301 2183 394 2242 unice
408 2181 553 2242 dilectam
566 2183 624 2242 tibi
635 2201 756 2264 semper
766 2183 836 2242 fore
848 2181 1025 2264 cynthiam.
1041 2183 1125 2245 Proh

30 2307 32 2370 y
94 2277 216 2358 pedorem
226 2279 293 2361 ejus
305 2295 335 2339 et
347 2279 514 2362 lacrymas,
524 2278 604 2339 falsa
615 2278 733 2340 doloris
743 2281 873 2361 quaesita
885 2280 986 2361 signa!
998 2281 1026 2340 Ο
1037 2281 1127 2344 blan-

30 2371 31 2418 l
93 2372 172 2452 ditiis,
184 2391 341 2454 amantes,
356 2399 452 2458 quam
466 2377 547 2438 male
560 2391 664 2438 tutum
677 2376 812 2437 credere!

543 2603 655 2621 nn*

31 2805 32 2808 ¹
130 2729 221 2842 Sara
233 2797 297 2866 ego
308 2772 419 2842 multa
430 2788 497 2840 tuae
509 2771 653 2840 levitatis
666 2771 753 2838 dura
764 2771 940 2854 timebam,

167 2889 364 2954 Haemmen
379 2901 537 2978 excepta,
549 2883 712 2976 Cynthia,
724 2881 879 2974 perfidia.

128 2995 274 3091 Adspice,
287 3023 344 3066 me
356 3013 484 3094 quanto
497 2997 606 3090 rapiat
618 3001 767 3063 Fortuna
777 2995 905 3089 periclo
920 3021 926 3058 :

166 3113 215 3177 Tu
228 3111 391 3178 tamenin
404 3125 520 3177 nostro
532 3107 626 3176 lenta
636 3109 756 3174 timore
768 3107 883 3187 venis,

128 3218 163 3284 Et
172 3239 264 3311 potes
278 3221 456 3288 hesternos
469 3218 626 3287 manibus
638 3239 844 3310 componere
855 3217 980 3297 crines,
1112 3227 1127 3279 5

166 3335 206 3398 Et
216 3333 319 3425 longa
332 3331 453 3400 faciem
466 3355 618 3427 quaerere
631 3327 775 3414 desidia,

130 3441 188 3509 llec
197 3445 312 3511 minus
325 3445 402 3511 Eois
415 3460 534 3536 pectus
545 3443 674 3510 variare
686 3437 827 3532 lapillis,

124 3678 141 3713 ι.
154 3664 300 3732 Timolaus,
320 3670 404 3720 timui.
417 3667 484 3722 Vide
496 3685 576 3739 supra
622 3679 708 3732 mota,
719 3679 749 3718 ut
761 3667 800 3732 ll,
815 3664 863 3732 14,
875 3682 925 3717 vss.
940 3663 970 3730 14
982 3677 1009 3716 et
1022 3679 1063 3714 aa.
1076 3663 1127 3718 Ve-

97 3741 178 3794 lut-td
190 3743 255 3818 eleg.
274 3761 322 3812 ro,
339 3763 364 3798 a.
622 3745 692 3813 nire,
708 3745 814 3810 sentiri,
829 3762 894 3796 esse.

122 3819 267 3898 talpae,
278 3839 329 3878 eto.
341 3823 494 3878 Periculum
504 3822 577 3877 istud
658 3823 683 3877 5.
705 3826 845 3877 Hestemos
866 3826 962 3890 canes,
986 3823 1127 3894 disjectos,

98 3902 158 3954 wls
173 3904 287 3977 intellige
306 3927 314 3958 ε
336 3909 517 3977 conjecturam
534 3904 576 3956 lir-
621 3903 679 3956 heri
694 3919 762 3974 quos
778 3901 1004 3956 ornaveras-Et
1014 3901 1127 3970 faciem,

97 3991 149 4045 ¹¹⁸¹,
158 3987 355 4058 quamprimum
365 3987 451 4039 statim
460 3983 577 4059 puellam
621 3981 740 4056 lepores,
749 3994 928 4050 venustatem,
936 3980 1016 4056 lonpa
1026 3978 1061 4032 ad
1071 3999 1128 4052 spe-

97 4051 224 4129 Ptup'ertius
243 4067 271 4116 iu
296 4062 446 4136 exemplum
469 4061 577 4116 adducit
621 4063 713 4117 colum
724 4062 954 4135 desidiaquoercrc.

98 4142 422 4209 u·.9-12.-laenta,nit
431 4139 577 4216 quidquam
659 4158 684 4212 7.
697 4141 791 4195 Pectus
803 4143 903 4194 vadare
913 4139 1022 4213 lapillis.
1037 4137 1127 4193 Codex
