2808 4974
349 702 600 800 ELEGIA
630 704 771 802 VIII.

210 921 216 952 ¹
422 935 739 1046 antinoon

519 1185 625 1204 np—

457 1357 684 1396 ΔΙῦῦΙΕΜΰΙ.

107 1461 233 1546 Emptam
250 1469 311 1530 ribi
328 1469 498 1554 Cynthiam
516 1473 746 1536 inconstantem
759 1473 861 1554 luget,
873 1483 905 1534 et
917 1472 1097 1539 detestanda

77 1555 158 1617 rivalis
167 1564 275 1641 gaudia
286 1581 450 1650 reputans,
465 1565 603 1628 defendit
616 1569 759 1631 adversus
768 1569 904 1630 amicum
918 1591 995 1652 ques
1011 1591 1096 1652 spar-

76 1652 110 1728 git
118 1653 262 1740 lacrymas.
272 1697 311 1708 —
320 1663 401 1724 Mori
413 1663 548 1745 Cynthia
555 1663 644 1746 jubet
656 1666 853 1748 Propertium
864 1686 955 1726 suum
966 1687 973 1725 ε
986 1663 1098 1725 habeat

78 1745 200 1834 illaquod
214 1760 315 1841 cupit,
331 1773 362 1820 et
380 1761 509 1844 ingratae
529 1761 641 1843 puellae
660 1761 751 1822 detur
768 1773 806 1822 ut
822 1763 954 1822 amantia
974 1761 1100 1822 insultet

20 1849 21 1928 i
78 1851 184 1914 amulo.
201 1855 319 1938 Ecquid
336 1857 473 1918 mirum?
486 1879 594 1920 nonne
611 1873 739 1942 propter
757 1858 936 1939 Antigonen
953 1879 984 1920 se
1002 1879 1100 1919 manu

20 1939 22 2030 i
78 1959 119 2003 tna
127 1945 248 2011 Haemon
260 1951 434 2014 interfecit?
450 1953 505 2014 Sed
520 1967 642 2028 noctu,
658 1952 794 2036 perfida,
811 1974 868 2014 nec
883 1965 919 2014 tn
937 1955 1003 2037 ipsa
1019 1953 1099 2015 effu-

20 2069 22 2102 :
78 2041 125 2116 gia
141 2062 284 2110 mortem:
304 2051 386 2134 apud
406 2051 524 2112 inferos
542 2067 572 2113 te
590 2073 711 2114 mecum
732 2052 822 2128 volo;
839 2052 953 2114 ibimus
969 2053 1101 2136 pariter,

20 2129 21 2144 ¹
80 2131 124 2198 hoc
135 2139 208 2205 ferro
222 2145 393 2228 conjuncti.
405 2151 474 2209 Jam
487 2170 578 2228 vero,
594 2171 633 2210 ne
647 2149 716 2230 quis
735 2150 859 2232 prodito
875 2151 976 2212 amori
992 2170 1101 2233 expro-
1197 2195 1206 2204 -

80 2232 197 2302 hiertam
210 2247 354 2306 miseram
368 2247 502 2324 caedem,
519 2247 669 2309 Achillem
685 2249 805 2332 ipsum,
821 2248 955 2309 Briseide
973 2251 1101 2322 amissa,

20 2365 21 2398 3
80 2330 159 2396 ultam
178 2344 328 2422 sanguine
349 2363 411 2404 esse
432 2341 581 2425 injuriam
603 2363 712 2420 suam,
737 2343 835 2420 dum,
858 2345 964 2430 positis
987 2345 1100 2422 armis,

20 2407 25 2526 Ι
81 2430 357 2525 immotamque
368 2441 496 2504 Danaos
510 2443 567 2504 sub
577 2441 670 2527 Troje
681 2443 808 2526 patitur.

523 2693 634 2712 nn*—

116 2816 279 2934 Errrrron
293 2865 390 2935 nobis
399 2865 470 2960 jam
482 2867 614 2961 pridem
625 2867 848 2962 campitello,

153 2975 192 3040 Et
202 2991 239 3054 tu
251 2999 307 3046 me
317 2975 486 3070 lacrymas
498 2977 659 3061 fondere,
672 2980 796 3060 amice,
809 2982 920 3045 vetas?

22 3093 23 3096 ’
116 3079 212 3151 Nullae
222 3101 304 3153 sunt
314 3088 589 3168 inimicitiae‚nisi
601 3089 742 3170 amoris,
755 3083 903 3154 acerbae:

156 3199 267 3287 ipsum
279 3222 334 3266 me
343 3197 480 3294 jugula,
493 3198 602 3267 lenior
613 3197 720 3267 hostis
732 3221 801 3266 ero.

118 3305 246 3376 Possum
260 3333 323 3402 ego
336 3313 372 3376 in
384 3308 523 3378 alterius
535 3313 680 3404 positam
693 3324 844 3402 spectare
856 3306 1005 3375 lacerto?
1093 3319 1109 3372 5

145 3421 220 3487 'Nec
229 3445 307 3488 mea
318 3419 465 3504 dicetur,
478 3444 554 3515 quae
564 3419 667 3489 modo
679 3419 768 3493 dicta
778 3443 853 3488 mea
864 3423 936 3488 est?

119 3528 226 3600 Omnia
239 3549 439 3602 vertuntur:
455 3549 546 3600 certe
559 3548 738 3602 vertuntur
749 3555 894 3600 amurca.

158 3641 304 3710 Vinceris
316 3657 377 3710 aut
386 3643 509 3728 vincis,
523 3641 595 3711 haec
606 3645 642 3710 in
653 3667 768 3710 amore
780 3657 855 3709 rota
865 3655 929 3707 est.

121 3749 223 3842 Magni
235 3777 325 3847 saepe
336 3753 459 3838 duces,
472 3757 587 3846 magni
601 3753 750 3822 cecidere
761 3751 916 3844 tyranni,

114 3967 135 4020 3·
148 3973 233 4029 Nnttoe
252 3989 315 4030 cunt
337 3977 496 4042 inimicitior,
515 3989 565 4028 etc.
611 3994 682 4028 eroa
699 3987 725 4028 te
738 3971 893 4045 jugulatus,
909 3989 987 4042 quam
1003 3971 1047 4023 isti
1064 3988 1114 4042 ego

88 4043 337 4122 itinmiaaeerbim
343 4055 408 4108 nihil
418 4069 473 4120 eat,
487 4073 567 4126 qnam
612 4073 688 4120 sum,
701 4053 746 4124 qui
758 4049 895 4125 Cynthiam
909 4049 1026 4104 abduxit.

90 4143 180 4201 proptu
189 4153 305 4191 amorem
319 4150 382 4190 orta
394 4139 462 4190 inter
473 4135 567 4189 rivales
648 4141 673 4204 9'.
684 4131 803 4204 Tyranni
813 4149 864 4204 pro
875 4129 992 4204 regibus,
1003 4142 1033 4182 ot
1044 4129 1117 4182 crae-

92 4206 219 4268 iltitnicitiae.
241 4247 276 4258 -
303 4219 400 4271 Lenior
421 4215 469 4270 tibi
492 4215 570 4270 hostis
614 4213 640 4266 ci
653 4211 808 4285 loquuntur.
