2810 4978
327 435 393 504 288
620 433 887 502 PROPERTII
912 434 1000 498 [ΑΒ.
1027 436 1076 499 11.

371 571 525 654 Quorum
537 562 594 631 alii
604 561 818 648 luculos,ulii
831 561 976 630 retinere
987 563 1139 654 sagittas,
1334 578 1347 628 5

418 678 612 744 Pometiam
623 677 695 744 visu
709 690 761 743 est
770 671 881 743 vincla
893 697 1013 769 parare
1024 670 1119 742 mihi.

370 785 436 856 Sed
447 784 531 854 nudi
543 785 686 853 fuerunt.
700 756 854 871 (luorum
866 781 1139 868 lasciviorunns,

419 897 563 990 Arripite
574 894 686 978 hunc,
701 895 826 989 inquit,
838 891 1017 986 num-bene
1028 895 1136 990 nostis
1149 916 1243 962 eum:

372 1008 435 1074 Hic
446 1023 536 1091 erat3
549 1005 641 1075 hunc
651 1004 774 1072 mulier
784 1001 883 1071 nobis
895 1003 978 1070 irata
990 1000 1123 1072 locavit.

417 1121 522 1202 Dixit,
536 1135 569 1187 et
580 1121 615 1185 in
627 1117 714 1187 collo
723 1113 794 1210 jam
805 1115 889 1184 mihi
899 1113 1010 1185 nodus
1023 1133 1106 1185 erat.
1327 1143 1352 1181 ιο

371 1231 435 1296 Hic
445 1226 531 1296 ulter
538 1225 637 1322 jubet
647 1230 683 1296 in
694 1225 845 1295 medium
857 1225 1065 1320 propellere,
1080 1243 1115 1297 et
1127 1225 1229 1297 ulter:

419 1345 581 1425 Intereat,
594 1344 652 1436 qui
664 1363 726 1408 nos
738 1364 809 1408 non
822 1354 921 1432 putet
932 1362 1006 1408 esse
1018 1337 1117 1409 deos!

371 1455 454 1521 Hae'c
466 1468 498 1520 to
509 1475 578 1519 non
592 1454 751 1519 meritum
762 1467 848 1519 totus
860 1465 1033 1544 exspectet
1046 1453 1082 1518 in
1093 1449 1212 1519 horas:

418 1567 461 1629 tt
471 1578 509 1630 tu
520 1563 732 1656 nescioquas
745 1561 885 1656 quaeris,
898 1562 1027 1653 inepte,
1040 1538 1142 1631 force.

373 1675 456 1758 Quae
468 1697 575 1768 quum
587 1670 732 1742 Sidoniae
742 1687 909 1740 nocturna
920 1670 1080 1765 ligamine
1091 1674 1202 1740 mitrae
1332 1679 1355 1733 ¹⁵

420 1779 692 1878 Solverit,ntque
704 1781 820 1850 oculos
831 1784 975 1850 moverit
984 1779 1042 1849 illu
1053 1805 1192 1874 graves,

373 1889 559 1962 Adllubuut
569 1893 630 1962 tibi
641 1918 710 1962 non
722 1893 874 1962 Arabum
885 1891 927 1962 de
939 1895 1091 1985 gramine
1102 1891 1237 1974 odores,

418 2001 483 2072 Sed
495 2029 581 2099 quos
593 2007 665 2099 ipsc
677 2007 747 2102 suis
758 2005 837 2074 fecit
849 2011 953 2073 Amor
963 2003 1133 2072 manibus.

373 2116 502 2182 Parcite
510 2113 598 2209 jum,
611 2117 732 2186 fratres
742 2143 750 2202 3
760 2113 833 2210 jam
845 2131 954 2184 certos
971 2111 1118 2207 spondet
1127 2135 1274 2182 amores:

419 2227 462 2291 Et
469 2221 541 2317 jam
552 2224 597 2294 ud
609 2227 804 2296 mandatum
815 2227 970 2295 venimus
982 2247 1060 2294 ecce
1071 2222 1223 2293 domum.
1331 2248 1358 2286 πο

326 2380 539 2454 mutationeque
554 2397 705 2458 temporum
724 2383 789 2438 nihil
802 2386 830 2437 iu
874 2381 947 2436 thiar
963 2380 1104 2436 «Tandem
1116 2395 1143 2434 te
1156 2395 1247 2434 notun
1258 2378 1358 2432 referent

326 2459 487 2516 carminibus
507 2461 549 2515 hie
568 2464 742 2536 frequentius.
761 2464 830 2516 Fue-
874 2461 972 2534 injurio
980 2461 1050 2515 lecto
1060 2461 1177 2514 Alterius
1186 2459 1360 2527 clausureppr

325 2550 400 2607 runt,
412 2556 503 2610 erant,
515 2562 593 2596 versu
606 2561 638 2615 73
653 2543 696 2597 tte
704 2553 775 2611 erut,
785 2541 830 2597 hic
875 2540 908 2594 lit
919 2559 936 2592 a
947 2540 1060 2611 foribus.
1071 2563 1083 2589 ι
1101 2541 1198 2592 Doueae
1214 2541 1290 2612 igitur
1301 2531 1360 2588 cedit

327 2629 381 2684 eut,
390 2635 428 2670 ve.
439 2637 466 2691 9.
480 2621 547 2674 Vitle
558 2623 585 2688 1,
603 2637 648 2690 ιο,
661 2640 685 2674 2.
874 2618 1025 2673 emendatio
1033 2618 1103 2672 hoc:
1115 2621 1171 2671 «At
1178 2619 1298 2670 tunetcio
1306 2630 1359 2686 quot

363 2695 389 2750 5.
401 2697 528 2751 Retinere.
543 2697 609 2751 Vide
621 2702 645 2765 l,
659 2715 704 2766 to,
719 2713 762 2767 29.
875 2701 987 2771 querit,
1007 2701 1115 2770 inepte,
1132 2697 1203 2770 fforr'e
1208 2720 1219 2762 ,·
1233 2721 1244 2747 ι
1266 2697 1360 2749 teminu

363 2789 389 2844 7.
403 2775 471 2838 Sede
483 2795 582 2847 porro,
596 2775 831 2830 cutem-Lasci-
873 2797 922 2850 per
933 2780 1001 2830 rium
1014 2779 1108 2850 querit
1119 2778 1212 2830 nescio
1224 2793 1295 2849 quot.

327 2869 389 2918 uus,
402 2852 503 2921 audax,
516 2867 665 2927 protervus.
914 2858 953 2911 15.
983 2857 1047 2930 Quo
1071 2875 1152 2930 quum
1172 2857 1303 2920 sidonio,
1320 2863 1360 2904 ele·

326 2933 754 3089 ittltt'titi'ftttlttt
767 2933 831 3068 {¹331
874 2930 1363 3090 fflississlffiiiii'liiiiiii

328 3087 438 3142 ductum
450 3107 685 3163 umentemeuutu,
698 3113 776 3166 quem
785 3111 833 3168 pu·
877 3107 903 3148 te
927 3099 1066 3150 certiorem
1087 3096 1176 3149 iidem.
1197 3097 1324 3167 Linquere
1340 3101 1362 3142 tu

327 3170 415 3223 nirent
425 3170 580 3244 Cupidines.
876 3189 931 3229 tutu
943 3177 1105 3242 formosum,
1116 3177 1205 3247 inquit
1216 3194 1294 3248 puer,
1306 3189 1363 3246 que,

367 3249 575 3324 11.Propellere
593 3271 635 3306 rne
654 3254 682 3306 t'n
699 3253 832 3314 medium,
877 3273 959 3326 quum
988 3273 1112 3306 somnum
1140 3253 1270 3320 dimittit,
1295 3252 1363 3324 ipsiu

327 3325 356 3380 in
365 3346 459 3400 agmen
468 3331 776 3397 medium—Intereat,
788 3331 833 3404 qui
877 3335 983 3387 Amoris
1000 3334 1169 3387 euurioeimoo
1189 3333 1285 3387 odora
1298 3329 1365 3384 cilte-

328 3425 389 3474 noe,
406 3421 457 3461 etc.
470 3411 602 3481 Loquitur
613 3409 677 3480 ulter
688 3411 737 3462 itte
749 3427 832 3462 rerer.
877 3411 929 3464 lat!
941 3413 1074 3466 -Mitrm
1087 3413 1188 3484 Capitis
1198 3427 1303 3485 tegmen
1315 3409 1365 3462 reti·

332 3501 443 3539 tu-uo.
877 3491 972 3544 nendis
984 3491 1087 3564 cupillis
1101 3506 1150 3544 est.
1164 3493 1291 3554 Sidonio3
1301 3503 1327 3543 ut
1336 3487 1365 3554 ll,

368 3565 409 3618 13.
426 3566 507 3630 Hoec,·
523 3585 604 3639 quum
620 3567 702 3622 oolam
718 3566 833 3640 linquit,
881 3569 923 3637 16,
931 3571 1139 3624 55.-Aral›um
1151 3571 1184 3624 de
1190 3572 1308 3645 oramine
1317 3567 1367 3619 odo-

328 3646 439 3718 perfide.
466 3647 533 3700 Satis
563 3648 734 3721 intelligimus
761 3649 832 3721 Cyn·
876 3667 930 3716 m,
950 3667 1017 3721 quos
1037 3649 1133 3702 odores
1154 3652 1269 3704 miscent
1291 3645 1367 3702 herbit

328 3723 421 3778 thiam.
437 3755 474 3768 —
489 3727 628 3800 Exspectat
644 3740 668 3781 te
686 3747 739 3780 non
756 3728 834 3780 meu'-
878 3731 932 3782 onie
950 3729 1061 3782 Arubee.
1083 3729 1196 3782 Gramen
1205 3769 1216 3797 ,
1235 3729 1330 3796 herbe,
1344 3737 1368 3778 ut

329 3815 468 3869 utmfnon
481 3809 619 3873 meritum,
635 3827 690 3858 non
705 3807 831 3878 dignum,
876 3807 915 3876 11,
938 3825 966 3874 t,
984 3807 1086 3874 53;11,
1110 3809 1143 3878 4,
1161 3809 1186 3862 8.
1206 3809 1327 3862 Arubium
1347 3817 1368 3857 et

329 3900 410 3954 quem
437 3899 572 3956 exspectet
596 3887 640 3938 illu
664 3899 717 3939 tum
744 3888 829 3939 anxie.
876 3887 1149 3961 Syrinmodorilerum
1160 3891 1261 3961 pretim
1273 3887 1369 3941 laudent

328 3989 366 4003 -·
379 3963 462 4016 Fores.
482 3967 606 4038 Querere
622 3965 723 4021 alienae
741 3967 830 4034 leret,
875 3979 971 4039 poeto.

313 4059 379 4094 neo
394 4043 491 4122 mirum
507 4063 556 4098 uec
574 4064 673 4098 norum
688 4044 756 4111 hoc,
772 4048 831 4118 ipro
915 4064 955 4118 19.
971 4049 1056 4101 Certos
1066 4049 1369 4116 amom,eonsttutitn‚

329 4132 396 4175 reete
409 4123 548 4194 Propertio
562 4125 573 4178 l
580 4161 589 4192 ,
601 4123 632 4192 3,
644 4123 693 4194 ³5,
704 4123 752 4180 uhi
763 4125 831 4199 Cyn·
877 4145 996 4182 umorem
1005 4126 1096 4180 lidum.
1108 4157 1145 4168 -
1154 4125 1201 4181 Act
1215 4129 1369 4190 mandatore,
