2940 4974
301 446 1355 486 :w

648 652 898 750 ELEGIA
929 653 992 746 ΙΙ.

568 943 572 951 -
646 902 708 966 AD
731 845 1001 966 CYNTHMM·

770 1144 876 1162 *-

706 1341 935 1379 tuouuettruu.

336 1437 508 1514 Quaeeitum
523 1439 665 1520 corporis
678 1438 798 1498 cultum
809 1429 841 1499 et
854 1449 1039 1500 ornamenta
1052 1437 1222 1520 vituperat,
1238 1435 1365 1518 quibus

295 1535 372 1596 dum
387 1549 492 1618 captat
505 1550 657 1600 amatores
670 1535 825 1619 Cynthia,
843 1535 979 1602 formem
995 1558 1084 1600 suam
1097 1537 1281 1618 corrumpit.
1303 1535 1356 1595 Ab

296 1636 361 1716 ipsa
383 1649 496 1695 natura
516 1657 594 1712 esse,
612 1655 818 1718 quecumque
838 1639 936 1719 magis
957 1637 1137 1720 probanda3
1162 1634 1359 1694 industriam

295 1733 370 1791 artis
391 1731 436 1791 nil
454 1731 528 1792 boni
549 1731 700 1794 conferre.
724 1733 796 1793 Non
812 1735 959 1815 gemmis,
981 1755 1047 1794 non
1066 1730 1295 1815 purpura‚sssed
1318 1731 1357 1790 in

295 1829 492 1912 simplicitate
505 1852 558 1890 sua
574 1831 724 1914 placuisse
736 1831 809 1892 viris
823 1829 984 1912 quondam
995 1844 1044 1892 tot
1058 1827 1357 1911 insigueslemiuas‚

296 1929 367 1988 satis
380 1929 506 1990 decoras
516 1950 579 2006 eas,
594 1930 707 2012 quibus
719 1943 794 1990 esset
811 1943 1031 1990 ornamentum
1048 1929 1160 2012 pudor.
1172 1927 1255 1988 Velit
1267 1927 1359 2018 Cyn-

295 2022 361 2083 thia
373 2027 506 2106 propriis
522 2023 649 2088 dotibus
662 2027 761 2086 nitere
777 2027 857 2099 suis3
872 2047 1096 2106 supervacuam
1107 2026 1265 2085 luxuriam
1277 2023 1358 2084 velit

296 2120 348 2180 illa
363 2121 501 2203 rejicere3
516 2135 547 2182 et
557 2123 643 2203 quod
655 2123 689 2182 in
701 2141 808 2182 amore
822 2123 972 2183 desideret
987 2125 1066 2204 ipse,
1079 2121 1158 2183 nihil
1172 2123 1237 2182 erit
1328 2173 1332 2180 .

761 2351 872 2372 *ιι-ι·-

344 2465 451 2602 Qtuo
460 2495 556 2590 juvet
567 2517 687 2568 ornato
699 2499 900 2594 procedere,
914 2503 999 2583 vita,
1012 2497 1151 2594 capillo,

388 2613 431 2676 Et
442 2624 562 2678 tenues
571 2614 641 2680 Coa
653 2627 745 2678 reete
756 2633 894 2678 movere
907 2614 1019 2677 sinus?

343 2723 409 2784 Aut
420 2715 503 2811 quid
514 2721 663 2787 Orontea
675 2722 785 2787 crines
798 2719 1001 2812 perfundere
1013 2719 1168 2812 myrrha,

387 2830 504 2920 Teque
516 2831 702 2922 peregrinis
713 2829 861 2898 vendere
874 2829 1089 2914 muneribus;

336 3048 357 3082 ι.
382 3030 459 3097 Vita,
482 3033 606 3083 amatorii
624 3030 702 3084 lexici
718 3051 800 3086 voca·
846 3033 994 3087 fraudanda
1004 3035 1090 3105 gloria
1102 3033 1256 3104 excogitate
1268 3035 1354 3086 ratio-

295 3107 405 3176 bulrm,
423 3111 503 3161 etiam
519 3129 591 3162 nuuc
606 3113 633 3162 in
652 3130 703 3164 usu
720 3112 800 3165 ltalia.
845 3116 899 3178 nis,
919 3127 949 3164 ut
969 3111 1088 3164 denudet
1106 3113 1218 3164 feminae
1235 3112 1325 3163 vestio.
1338 3135 1350 3158 ι

296 3215 331 3225 -
341 3185 377 3237 Bt
396 3198 484 3240 unates
499 3207 601 3240 mouere
619 3189 705 3258 sinus,
723 3205 750 3243 et
767 3193 802 3243 ai·
844 3193 887 3259 Sic
895 3191 968 3266 apud
978 3211 1027 3244 noe
1038 3191 1073 3244 les
1080 3209 1156 3264 pares
1164 3191 1196 3242 de
1206 3189 1294 3260 Ιφη,
1305 3192 1355 3262 qui

297 3267 389 3316 uuosia
403 3265 622 3339 lluitantibuaque
636 3269 744 3340 prodire
761 3287 803 3321 vc·
845 3281 967 3324 couvreut
983 3281 1053 3338 tout,
1068 3282 1093 3322 et
1110 3289 1142 3322 ne
1159 3269 1268 3322 caelent
1285 3270 1353 3321 rien.-

296 3345 389 3397 etibue.
406 3345 485 3396 Sinus
501 3345 552 3396 Coa
568 3357 651 3409 veste,·
664 3360 801 3400 structure
882 3349 907 3402 3.
929 3351 1042 3403 Orontea
1060 3349 1185 3424 myrrha,
1207 3349 1297 3421 Syria,
1317 3347 1355 3400 ab

296 3423 802 3495 cujusmodifrequentissimuscetuaus
845 3431 947 3483 Oronte
959 3429 1035 3502 Syriae
1049 3429 1167 3482 flumine.
1186 3429 1227 3480 De
1243 3427 1354 3498 myrrlm

296 3503 443 3574 Propertio.
460 3501 504 3553 Sic
515 3503 590 3556 deciis
603 3505 695 3558 multis
706 3507 803 3560 arrium
845 3509 907 3561 vide
925 3510 1030 3562 Floram
1046 3523 1165 3562 nostrum
1182 3506 1273 3579 virgil.
1286 3525 1352 3578 pag.

297 3581 363 3651 eleg.
374 3581 407 3650 4,
425 3582 470 3644 13;
482 3583 570 3636 δεήσαι
584 3583 662 3638 variis
672 3586 803 3641 textilibus
849 3588 950 3655 nl.-
959 3589 1045 3662 Teque
1051 3587 1207 3660 peregrinis,
1221 3601 1272 3638 etc.
1285 3587 1353 3638 etin

202 3718 206 3730 Ι
297 3661 331 3713 el.
348 3661 393 3728 14,
407 3663 531 3723 uuordo
543 3661 657 3716 lancibus
667 3665 802 3738 odoriferis
846 3669 991 3738 peregrinis
1018 3667 1156 3720 ornatibus
1180 3679 1205 3717 te
1230 3667 1353 3734 jactare,

296 3744 320 3794 ll
328 3781 336 3808 ,
357 3741 401 3807 13,
420 3743 461 3794 23.
476 3744 516 3795 De
535 3743 598 3796 Cois
615 3745 732 3798 vestibus
748 3748 801 3800 Pli-
847 3757 980 3798 ostentare
991 3745 1046 3797 aliia
1056 3765 1064 3806 ς
1076 3747 1115 3796 uti
1126 3759 1196 3798 recte
1206 3746 1352 3796 Burmann.

297 3823 371 3886 nius,
387 3821 453 3872 llist.
476 3823 537 3874 Nat.
557 3824 608 3890 Xl,
626 3841 676 3876 aa:
693 3827 801 3880 uPrima
846 3823 888 3875 hic
903 3827 1092 3896 interpretatur
1110 3825 1227 3878 vendere.
1247 3823 1302 3875 Cic.
1317 3823 1353 3876 ad

297 3917 341 3952 eas
367 3899 451 3969 (telas
472 3899 650 3974 bombycum)
671 3903 801 3958 redordiri
846 3906 925 3958 atuc.
937 3907 1010 3972 xm,
1027 3923 1056 3960 ra
1070 3928 1076 3956 :
1090 3907 1277 3975 «Ligarianam
1285 3923 1354 3976 prae-

297 3999 442 4052 rursusque
457 3994 545 4032 texere
563 3985 662 4034 invenit
678 3987 705 4034 in
721 3986 797 4038 ceo„
848 3983 918 4036 clare
938 3982 1101 4036 vendidisti:
1120 3983 1251 4055 posthac,
1271 3980 1354 4052 quid-
1450 4033 1456 4048 ,

212 4106 213 4110 ,
297 4059 392 4128 (vetus
415 4059 507 4113 insulae
529 4079 627 4114 nomen
652 4063 705 4114 hoc
732 4065 802 4134 fnit)
848 4063 1060 4136 quidscripaero‚
1074 4063 1121 4115 tibi
1130 4063 1292 4134 praeconium
1302 4060 1353 4113 de-

301 4139 417 4193 *mulier
425 4139 576 4214 Pamphila,
586 4143 662 4194 Latoi
671 4143 735 4208 lilia,
747 4162 802 4194 non
848 4145 940 4196 leram.
952 4169 962 4192 n
