2808 4974
622 628 876 728 ELEGIA
910 631 1047 726 XIX.

656 845 719 908 sn
741 841 1008 909 cinnunn.

715 1181 948 1253 ABGUHBM'Wi

347 1326 540 1386 Rusticaturn
550 1311 635 1386 abire
647 1327 745 1386 Roma
757 1324 943 1408 Cynthium,
957 1325 1013 1386 etsi
1023 1323 1172 1384 discessus
1182 1323 1277 1384 amori
1286 1342 1349 1404 gra·

306 1423 351 1481 vis
366 1435 426 1498 est,
444 1423 568 1483 laetatur
586 1437 678 1506 poeta
694 1439 702 1482 t
721 1423 806 1506 apud
826 1444 917 1504 agros
935 1421 1045 1484 saitem
1062 1423 1096 1481 in
1114 1436 1183 1482 tuto
1201 1442 1232 1482 se
1249 1417 1349 1480 babere

306 1519 472 1598 fesninam3
487 1521 551 1582 illic
568 1543 624 1581 nec
638 1519 759 1581 theatra
774 1543 830 1582 nec
844 1519 938 1580 ludos
956 1521 1200 1580 inconstantiam
1211 1517 1313 1600 juvans
1324 1530 1350 1577 et

307 1620 423 1678 amoris
444 1603 566 1680 delicta.
583 1619 639 1679 Sed
659 1618 725 1701 jam
749 1641 780 1680 se
800 1632 889 1703 parat
907 1621 989 1702 ipse,
1012 1631 1162 1700 utquam
1180 1619 1241 1678 cito
1260 1635 1350 1676 comes

306 1713 395 1774 adeat
409 1713 545 1798 puellam
559 1737 664 1791 suarn3
682 1716 773 1776 illum
788 1715 856 1797 jam
868 1715 1007 1776 studium
1018 1713 1155 1774 venandi
1169 1726 1266 1786 tenet3
1282 1713 1349 1772 inci·

247 1833 250 1840 ’
305 1825 370 1872 tare
386 1835 477 1874 canes
487 1813 554 1895 jam
570 1812 630 1875 sibi
643 1815 779 1890 videtur,
798 1827 829 1874 et
842 1813 969 1873 turbare
987 1813 1094 1887 silvas,
1111 1824 1141 1872 et
1154 1831 1277 1872 cervum
1290 1829 1349 1892 pre·

306 1933 398 1972 mere.
412 1914 531 1973 interea
546 1912 701 1995 Cynthia,
716 1911 870 1996 quamdiu
884 1913 1034 1986 soluerit,
1050 1912 1075 1972 si
1091 1910 1171 1971 forte
1184 1909 1223 1972 sd
1236 1907 1350 1992 culpam

306 2007 469 2069 inclinabit
480 2011 621 2086 animus,
638 2011 748 2071 adfore
766 2011 853 2070 brevi
866 2023 1006 2093 tempore
1027 2022 1185 2069 amantem
1204 2027 1291 2068 suum
1305 2025 1349 2066 co·

194 2107 197 2118 '
306 2105 393 2185 gitet.
417 2105 464 2166 De
485 2127 530 2182 se,
556 2105 637 2166 nihil
657 2128 725 2168 non
745 2107 885 2184 timebit,
905 2103 987 2166 nibil
1008 2125 1077 2166 non
1100 2105 1223 2166 cavebit
1242 2101 1349 2164 absenti

306 2201 453 2262 dominas.

780 2347 894 2364 *-

355 2432 453 2542 Etsi
464 2499 520 2542 me
532 2477 638 2544 invito
651 2473 811 2558 discedis,
823 2473 986 2569 Cynthia,
998 2477 1123 2558 Roma,

401 2588 528 2668 Laetor,
541 2584 634 2680 quod
647 2588 720 2654 sine
734 2609 789 2654 me
801 2585 991 2654 deviatum
1002 2584 1104 2654 coles.

352 2691 474 2762 Nullus
487 2699 551 2762 erit
561 2697 661 2764 castis
672 2694 807 2789 juvenis
820 2713 999 2790 corruptor
1012 2697 1047 2766 in
1059 2695 1169 2787 agris,

398 2807 465 2892 Qui
479 2823 511 2875 te
525 2804 694 2875 blanditiis
707 2831 777 2874 non
791 2810 880 2875 sinat
892 2831 966 2876 esse
980 2803 1142 2900 probam3

352 2913 451 2983 Nulla
462 2941 576 3013 neque
588 2935 666 2985 ante
679 2933 754 2985 tuas
767 2919 894 2984 orietur
905 2917 978 2984 rixa
991 2916 1173 2998 fenestsas,
1336 2920 1349 2974 ⁵

399 3031 469 3095 Nec
480 3027 541 3095 tibi
553 3025 704 3096 clamatae
716 3051 855 3095 somnus
871 3049 1007 3094 amarus
1021 3027 1095 3093 erit.

351 3135 428 3205 Sola
439 3140 522 3220 eris,
535 3155 570 3206 et
585 3137 674 3207 solos
690 3137 873 3232 spectabis,
886 3135 1048 3231 Cynthia,
1061 3151 1211 3219 montes,

397 3255 440 3316 Et
451 3274 570 3342 pecus,
584 3267 618 3318 et
628 3251 713 3318 fines
728 3252 887 3344 pauperis
900 3249 1067 3342 agricolas.

353 3355 427 3425 Illic
439 3375 471 3426 te
483 3359 570 3428 nulli
584 3377 746 3454 poterunt
759 3384 978 3453 corrumpere
992 3358 1080 3443 ludi,

342 3541 366 3574 π.
381 3523 455 3577 Cales
469 3544 518 3596 pro
532 3525 597 3580 coiis
612 3541 684 3580 recte
701 3525 809 3580 Lachm.
855 3538 928 3578 etc.»
945 3525 1011 3578 Vide
1029 3537 1055 3578 et
1069 3525 1211 3588 Nostrum,
1227 3521 1292 3591 eleg.
1310 3516 1350 3582 14,

304 3599 389 3654 edidit
403 3621 465 3654 cum
479 3603 553 3657 libris
565 3605 708 3659 nonnullis.
725 3608 811 3658 Futu·
857 3621 898 3657 αι.
913 3635 948 3648 -
959 3602 1046 3660 Nulla
1065 3621 1168 3676 neque,
1184 3613 1214 3653 ut
1233 3617 1306 3653 nemo
1324 3612 1351 3646 ne

304 3699 363 3732 rum
378 3699 471 3734 sensus
484 3685 625 3738 manifeste
634 3683 761 3758 postulat.
854 3703 932 3737 versu
945 3683 988 3736 32.
1003 3683 1071 3736 Vide
1087 3697 1113 3736 et
1127 3683 1177 3748 111,
1193 3680 1239 3748 13,
1252 3678 1293 3732 23.

342 3759 367 3813 5.
382 3759 469 3814 Nulla
487 3781 570 3834 neque
585 3775 646 3816 ante
662 3775 737 3830 tuas,
758 3777 809 3816 etc.
892 3782 917 3835 7.
931 3763 1006 3818 Solos
1017 3775 1119 3818 montes
1131 3781 1181 3834 pro
1194 3759 1351 3822 desertum

304 3841 442 3908 Horatius,
456 3843 544 3895 Germ.
560 3847 587 3910 1,
604 3843 651 3910 25,
665 3861 687 3911 1,
701 3843 810 3916 Lydiam
854 3845 1009 3915 frequenter
1031 3843 1117 3896 solum
1138 3853 1278 3914 usurpant.
1296 3833 1350 3890 Stia

304 3918 397 3984 iiiam,
421 3925 497 3992 cujus
520 3937 582 3976 setas
608 3926 713 3994 vergit,
735 3923 810 3975 adio·
854 3933 930 3976 antra
948 3921 1058 3975 vidimus
1069 3925 1126 3993 jam
1142 3923 1170 3988 l,
1188 3939 1221 3985 a,
1243 3913 1349 3981 tuscie

276 4062 278 4065 v
305 4016 407 4068 quens:
427 4003 557 4054 nParoius
569 4005 676 4072 junctus
689 4003 811 4074 quatiunt
855 4019 917 4054 uiua
928 4003 956 4068 1,
971 4002 1019 4068 18,
1034 4000 1059 4068 4.

303 4078 432 4130 fenestras
460 4079 558 4132 Ictibus
579 4081 680 4134 crebris
699 4083 810 4152 juvenes
890 4099 916 4150 9.
936 4079 1014 4132 Ludi.
1033 4078 1171 4131 Ludorum
1189 4070 1348 4150 spectatula,

303 4159 495 4228 protervi,Nec
508 4158 555 4211 tihi
566 4149 810 4226 somnosadiniunt‚
856 4179 966 4232 campus
979 4173 1087 4234 apertus
1103 4158 1197 4212 Amori
1211 4155 1312 4218 fertilis,
1324 4161 1348 4201 ⁸¹
