2870 4968
622 589 871 687 ELEGIA
900 593 1036 686 XXI.

507 806 653 872 olunt
679 803 848 871 uuest
872 801 1146 886 noQumun..

717 1201 948 1238 nocumentum.

345 1290 469 1384 Gollus,
485 1321 586 1391 poetes
600 1309 796 1390 propinquus
812 1305 898 1381 (vide
911 1305 988 1386 eleg.
1007 1325 1061 1381 on,
1076 1303 1128 1386 7),
1144 1315 1215 1386 post
1235 1302 1364 1365 cladem

306 1407 502 1483 Perusinum,
518 1427 617 1488 quum
632 1406 672 1466 ab
687 1405 812 1465 Antonii
829 1405 959 1465 stetisset
977 1401 1131 1486 partibus,
1149 1405 1184 1463 in
1199 1403 1362 1492 montibus

307 1507 425 1566 occisus
437 1507 583 1581 Etruriae,
599 1525 737 1564 sororem
748 1501 787 1564 de
799 1501 975 1564 miserenda
986 1515 1088 1564 morte
1098 1521 1154 1562 sue
1167 1522 1225 1586 per
1235 1501 1360 1583 fugiens

308 1616 370 1664 tem
384 1602 630 1665 commilitonem
644 1601 756 1662 edocet.

769 1801 881 1820 nn*-

358 1909 443 2034 To,
460 1953 517 2048 qui
529 1969 722 2019 consortem
733 1971 896 2046 properas
907 1949 1050 2019 evadere
1063 1971 1201 2030 casnm,

407 2062 523 2144 Miles,
535 2062 578 2130 ab
590 2065 739 2134 Etruscis
750 2067 885 2134 saucius
899 2063 1079 2156 aggeribus

359 2175 425 2260 Qui
438 2189 554 2241 nostro
566 2177 691 2266 gemitu
703 2176 871 2266 turgentis
882 2173 1010 2241 lumina
1021 2187 1178 2266 torques,
1200 2169 1201 2173 ’

354 2385 374 2419 ι.
386 2367 444 2432 Τιι,
454 2368 500 2440 qui
511 2379 667 2436 consortem,
677 2383 728 2422 etc.
739 2370 768 2421 ln
779 2389 818 2422 re-
862 2370 959 2434 rttios,
975 2363 1080 2419 eflectit
1089 2378 1118 2417 et
1129 2363 1213 2418 volvit
1224 2361 1282 2418 linc
1295 2377 1326 2418 et
1335 2363 1366 2416 it·

316 2445 454 2498 censendis
467 2445 507 2497 his
521 2445 613 2498 decem
627 2447 746 2500 versibus
758 2469 820 2521 ope·
862 2448 907 2500 luc
916 2446 1027 2514 lumine,
1040 2461 1129 2498 meum
1138 2445 1226 2498 fetum
1233 2441 1367 2516 gemendo

316 2545 372 2577 ram
395 2525 581 2579 Lachmanuus
611 2539 664 2578 tam
690 2530 819 2580 minutam
863 2525 1002 2582 tumideiu
1023 2527 1059 2579 At
1074 2545 1139 2578 vero
1157 2544 1173 2577 a
1190 2526 1296 2597 gemitu
1315 2541 1367 2576 non

316 2607 420 2677 posuit,
431 2618 460 2656 ut
475 2603 541 2656 nihil
554 2605 820 2676 omninojudicemus
864 2621 967 2660 tument
979 2606 1066 2672 oculi,
1080 2605 1128 2659 ted
1140 2625 1155 2657 a
1169 2605 1248 2668 fletu3
1266 2623 1319 2657 nec
1329 2603 1369 2654 lu·

318 2685 400 2755 magis
409 2683 823 2754 essepropridm,qusmdesum-
864 2705 927 2758 gere
948 2684 1055 2738 Gallum
1080 2696 1187 2754 poteret
1206 2682 1302 2749 miles,
1328 2681 1370 2754 qui

317 2766 350 2816 tis
363 2766 419 2834 ejus
434 2762 520 2814 verbis
534 2781 589 2814 rem
605 2777 723 2816 nostram
735 2781 821 2834 egere.
866 2763 1074 2817 commilitonem
1083 2781 1204 2816 suumne
1214 2772 1373 2833 agnosceret

319 2845 357 2896 lta
371 2861 452 2914 porro
465 2844 504 2893 vir
514 2840 625 2894 doctus:
867 2844 991 2917 quidem,
1010 2845 1107 2915 cuique
1122 2841 1175 2895 hoc
1191 2855 1222 2894 ut
1237 2841 1372 2894 diceretur

353 2923 518 2975 poematium
535 2940 589 2972 non
605 2920 757 2992 inelegans,
775 2919 823 2973 sed
868 2942 937 2995 opus
956 2935 1043 2989 esset,
1061 2923 1127 2974 Pars
1143 2939 1191 2996 eqo
1208 2939 1267 2974 tum
1286 2931 1372 2972 vestm

320 3001 390 3054 male
400 3000 492 3054 sedula
503 3001 655 3052 criticorum
667 3019 730 3052 cura
739 2999 823 3072 probe
865 3004 987 3074 proxima
1007 2999 1117 3054 militie.
1143 3003 1206 3052 lure
1221 3001 1370 3070 meritoque

320 3095 493 3153 corruptum,
513 3098 563 3132 nos
583 3079 722 3132 meliorum
743 3079 824 3132 Codi-
867 3083 948 3152 igitur
959 3081 1086 3152 optimam
1100 3078 1206 3132 Codicis
1217 3078 1370 3148 Groninge-

320 3179 381 3212 cum
410 3179 462 3230 ope
487 3157 625 3229 ductuque
652 3160 823 3212 restituimus.
867 3163 896 3212 ni
922 3162 1098 3232 scripturam,
1120 3159 1237 3211 Liuineio
1264 3175 1371 3232 quoqne

319 3243 379 3293 Jnm
398 3239 431 3292 de
451 3239 561 3311 singulis
577 3255 750 3316 exponemus.
764 3240 822 3290 Pri·
866 3239 1215 3314 probatum,adsciscirnus,
1227 3239 1281 3309 Qui
1289 3251 1377 3292 nostro

321 3340 379 3372 mos
400 3319 543 3371 versiculos
562 3321 597 3370 its
620 3320 733 3390 scriptos
752 3317 825 3370 omui
866 3320 1089 3394 gemitu,mutatst
1102 3320 1211 3391 insuper
1223 3318 1373 3371 distinctio-

229 3428 241 3438 ··
322 3413 443 3470 tempore
460 3399 542 3448 critici
558 3395 656 3448 dedere
672 3417 678 3446 :
700 3395 763 3447 ιΤιι
779 3394 825 3466 qui
870 3419 912 3452 ne.
925 3397 1015 3450 Gallus
1027 3397 1135 3451 militem
1147 3400 1294 3470 fugientem
1304 3396 1374 3450 odlo·

324 3490 472 3528 consortem
494 3494 622 3546 properes
646 3474 758 3526 erodere
780 3491 826 3526 cs·
871 3481 969 3550 quitur,
985 3481 1041 3549 qui,
1050 3480 1149 3550 gemitu
1162 3477 1266 3545 audito,
1280 3477 1372 3530 oeulos

323 3575 400 3624 sum,
425 3555 501 3608 Miles
524 3555 557 3606 ab
578 3556 695 3608 Etruscis
721 3555 827 3608 saucius
871 3553 1374 3628 fletuturgentesecladel’erusinnd

324 3635 483 3708 aggeribus,
513 3633 583 3704 Quid
606 3648 697 3686 nostro
727 3635 826 3702 gemitu
870 3635 1022 3709 loquentem
1043 3637 1225 3689 convertebat.
1245 3637 1287 3688 Ite
1304 3637 1373 3688 enim

324 3716 454 3785 turgentis
463 3713 562 3766 lumine
575 3715 716 3785 torquesin
729 3715 758 3764 ln
769 3714 829 3785 qui·
868 3715 1004 3788 jungendo
1017 3715 1098 3782 verba
1111 3729 1189 3768 sunt:
1206 3715 1309 3768 lumina
1323 3725 1374 3766 tor-

324 3793 375 3845 bus
389 3805 474 3846 nostro
486 3793 586 3865 gemitu
599 3811 649 3864 pro
660 3787 763 3868 pemitti
777 3811 826 3844 no·
872 3813 935 3868 ques
956 3795 988 3846 ob
1009 3795 1122 3848 Etntsct's
1143 3795 1297 3868 oggeribw
1322 3810 1373 3864 quo

327 3871 372 3924 stri
383 3873 498 3942 positum
506 3869 614 3937 volunt,
626 3889 658 3922 eo
669 3889 763 3938 sensu,
774 3887 827 3941 quo
872 3872 953 3925 modo
967 3874 1040 3946 loqui
1052 3873 1153 3927 videbis
1164 3873 1305 3940 Ovidium,
1318 3873 1375 3925 Me·

328 3951 426 4013 Livius,
438 3945 682 4021 xx11,5,9emitus
691 3947 828 4000 vulnerum
874 3966 937 4006 tam.
952 3955 1004 4019 Vl,
1018 3953 1085 4020 515,
1096 3969 1122 4006 et
1133 3957 1286 4020 Horatium,
1299 3953 1375 4025 epist.

250 4063 251 4067 ,
330 4025 402 4079 dixit.
421 4027 537 4096 lta·ergo
552 4039 690 4097 exponunt
708 4047 713 4076 :
733 4048 744 4072 ι
762 4025 833 4096 Quid
876 4033 915 4096 ΙΙ,
938 4049 965 4100 t,
985 4049 1043 4102 ¹²7·
1061 4037 1144 4086 Porro
1159 4033 1269 4086 militem
1286 4030 1377 4085 Gallus

281 4128 285 4138 ·
331 4119 445 4178 torques,
461 4107 603 4174 crucias,·
623 4106 677 4174 vel,
695 4120 724 4158 ut
742 4109 833 4160 Posse·
879 4130 907 4164 sc
923 4113 1026 4182 ipsum,
1043 4127 1072 4163 ut
1091 4127 1215 4182 parentes
1232 4109 1378 4184 gaudeant,
