2808 4974
306 433 371 498 232
603 431 868 502 PROPERTll
893 429 981 494 LlB.
1008 432 1057 496 11.

398 559 486 623 Huic
497 552 607 624 mulus
620 578 695 624 csse
707 553 810 639 solet,
822 556 879 622 cui
889 553 1001 624 bonus
1012 571 1091 624 ante
1104 555 1177 624 fuit.

350 845 449 909 Nunc
461 843 562 909 etiam
574 840 732 924 infectos,
746 838 902 924 domena,
914 841 1044 907 imitare
1056 841 1253 926 Britannos,

395 949 500 1019 Ludis
513 967 547 1019 et
557 967 697 1020 externo
709 953 812 1018 tincta
824 953 934 1019 nitore
946 955 1070 1044 caput?

348 1066 529 1131 Utnatura
540 1062 710 1148 dedit,sic
722 1065 832 1132 omnis
844 1061 1055 1156 recta-figura
1067 1079 1138 1130 est:
1316 1072 1344 1126 25

300 1272 459 1345 Cupidinem
470 1273 536 1342 tibi,
552 1274 671 1347 perlida,
690 1289 716 1329 et
732 1275 807 1330 rivali
850 1273 936 1342 mleo,
960 1287 1029 1339 etc.;
1050 1273 1123 1347 qnod
1140 1273 1190 1326 ubi
1204 1285 1264 1326 ante
1280 1271 1344 1324 illum

300 1369 361 1403 meo
373 1371 444 1404 nunc
456 1352 645 1421 bonum,olim
655 1353 807 1407 malumfo-
850 1375 956 1408 versum
976 1358 1162 1428 posuerimus,
1180 1351 1230 1406 illi
1245 1353 1288 1406 sub
1303 1363 1345 1404 ter

301 1443 390 1483 turum
402 1431 519 1484 conlido·
531 1431 728 1484 Lachmannus.
851 1437 902 1504 ris,
918 1451 987 1504 etc,
1001 1436 1066 1488 nihil
1084 1434 1265 1507 erit'amplius
1283 1431 1344 1505 quod

337 1510 381 1563 23.
394 1512 575 1580 Nuucetiam,
588 1526 639 1564 etc.
649 1513 807 1585 separemus
852 1514 993 1568 desideres.
1011 1514 1101 1568 Scribe
1118 1517 1199 1586 igitur
1213 1536 1219 1566 :
1238 1515 1294 1566 «Ut
1306 1531 1345 1564 na·

301 1587 335 1641 ab
348 1589 398 1657 iis,
412 1610 471 1662 qum
487 1605 696 1662 praecesserunt,
714 1606 807 1663 poste·
852 1607 914 1646 tura
927 1593 1017 1660 dedit,
1035 1595 1073 1645 sic
1087 1595 1173 1647 omnis
1189 1605 1260 1644 recta
1274 1591 1345 1663 figure

298 1670 369 1720 riom
390 1667 447 1721 baec
467 1691 475 1723 s
498 1669 629 1723 diversam
648 1672 676 1723 in
695 1684 807 1745 utraque
852 1684 889 1725 est
903 1694 910 1724 .·
925 1673 1023 1742 Turpis
1036 1673 1159 1724 Romano
1173 1670 1290 1741 Belgicus
1307 1687 1345 1721 ore

298 1759 375 1816 parte
389 1750 520 1800 rationem
532 1767 592 1800 esse
602 1751 743 1816 carminis,
753 1751 807 1822 pri·
852 1750 935 1802 color.
949 1752 1005 1816 An,
1020 1754 1041 1803 si
1055 1749 1168 1802 cteruleo
1178 1747 1295 1822 quedam
1305 1765 1345 1800 sus

300 1845 359 1879 mus
368 1827 486 1880 Kuinoel
492 1843 564 1883 recto
573 1829 684 1881 consilio
693 1831 806 1883 monuit.
852 1841 973 1902 tempora
986 1830 1048 1882 fuco
1058 1829 1190 1892 Tinxerit,
1202 1827 1299 1880 idcirco
1307 1845 1346 1878 ce·

299 1906 388 1958 Unum
406 1907 488 1980 objici
504 1921 608 1978 potest,
624 1911 711 1982 inquit
723 1908 808 1962 Lach-
851 1909 909 1960 rula
920 1911 1006 1961 forma
1019 1907 1092 1960 bona
1105 1909 1162 1961 est?
1172 1908 1212 1960 llli
1222 1906 1271 1960 sub
1281 1907 1345 1958 tertis

298 2002 430 2050 mannus,
448 2010 459 2034 ι
470 1989 497 2038 in
508 1986 560 2040 line
576 1987 717 2060 abruptam
729 1991 807 2042 nimis
852 1987 916 2040 liant
925 1987 994 2040 mala
1004 1985 1085 2040 multa
1096 1985 1205 2058 puellre,
1215 1985 1278 2052 Quae
1287 2003 1347 2036 meu·

299 2083 357 2118 esse
375 2069 551 2134 cententiam,
571 2069 641 2138 Quin
658 2087 705 2141 equ
720 2069 807 2121 demi-
853 2069 899 2120 tita
914 2085 975 2120 suas
992 2070 1070 2119 verrit
1086 2069 1180 2138 inepta
1196 2070 1298 2118 comas!
1313 2065 1345 2116 lle

299 2161 352 2197 utto
371 2162 479 2211 curum,
497 2156 547 2196 etc.
568 2143 616 2196 sed
630 2144 681 2197 boc
697 2163 807 2218 quoque
851 2164 908 2212 me,
922 2147 959 2198 mi
973 2164 1023 2218 per
1033 2154 1058 2196 te
1071 2145 1171 2216 poteris
1188 2145 1301 2197 formosa
1314 2143 1346 2193 ri·

299 2223 425 2273 amatoris
437 2239 528 2273 secum
539 2226 674 2294 querentis
688 2227 819 2290 animum,
851 2223 908 2276 deri
918 2244 926 2275 r
938 2225 976 2276 Mi
990 2224 1107 2276 formosa
1121 2236 1164 2276 sut
1179 2241 1220 2289 ea,
1236 2224 1258 2274 si
1274 2219 1344 2274 modo

299 2300 392 2369 decet,
403 2315 429 2354 et
442 2301 535 2354 eadem
545 2303 674 2357 brevitate
682 2304 806 2378 Corydon
851 2321 920 2376 sepe
930 2297 1013 2356 v'cuis.
1031 2303 1122 2369 Quum
1135 2301 1183 2353 tibi
1197 2320 1245 2354 uec
1262 2303 1345 2365 frater,

298 2378 459 2449 Virgilianae
469 2379 601 2452 querelam
612 2400 687 2434 uuam
699 2382 806 2451 desinit,
850 2401 900 2435 uec
915 2383 948 2434 sit
963 2380 1011 2432 tibi
1025 2379 1095 2434 filius
1107 2379 1193 2444 ullus,
1204 2381 1294 2432 Frater
1303 2395 1344 2449 ego

299 2457 383 2529 eclog.
395 2461 417 2511 ll
428 2480 434 2510 t
451 2481 461 2505 ι
472 2459 543 2526 Quin
554 2473 581 2510 tu
591 2459 693 2531 aliquid
701 2461 804 2530 saltem,
851 2473 877 2511 et
887 2459 935 2512 tibi
944 2461 992 2512 sim
1001 2458 1068 2511 filine
1081 2477 1151 2510 unus
1161 2477 1220 2530 ego.
1230 2460 1345 2529 lpsctous

298 2539 389 2608 potius
400 2557 513 2610 quorum
524 2538 625 2608 indiget
635 2558 699 2593 usus
706 2579 716 2606 ,
726 2541 806 2594 Vimi-
850 2551 1033 2610 sernper‚·etc.
1046 2561 1057 2586 ι
1068 2539 1230 2608 Ecquisuam
1239 2536 1287 2588 sibi
1297 2551 1345 2587 seu·

298 2615 379 2669 nibus
389 2617 735 2688 molliqueparasdetexcre
742 2623 805 2690 jun·
850 2620 992 2670 sentiarum
1019 2615 1206 2670 cohaerentiam
1233 2613 1346 2686 explicari

298 2697 481 2750 coilnvenies
491 2697 592 2762 alium,
604 2699 626 2750 si
640 2710 664 2750 te
675 2699 717 2751 bic
725 2700 805 2770 fasti·
849 2695 986 2768 postulat?
1000 2697 1115 2760 Fucum,
1131 2715 1186 2767 quo
1201 2697 1272 2766 picta
1287 2693 1345 2765 Cyn·

298 2775 353 2840 dit,
366 2773 492 2828 Alexim·
506 2777 681 2847 -Infectos,
691 2779 805 2847 tinctus,
849 2774 906 2827 thia
918 2787 1050 2828 amatores
1065 2775 1115 2827 sibi
1129 2777 1286 2846 conquirere
1296 2786 1344 2825 stu-

297 2854 519 2908 medicaminibus
531 2857 645 2908 infectos
655 2857 803 2912 Britannos.
849 2856 944 2922 debut,
952 2871 1117 2923 exsecratus,
1125 2851 1168 2908 Tu
1176 2855 1249 2924 mihi,
1257 2855 1344 2926 inquit,

298 2963 335 2973 -—
355 2935 471 3001 Ludere,
491 2937 595 3006 jocari,
619 2935 753 3005 gaudere,
777 2939 805 2990 in
848 2938 966 2989 formosa
979 2939 1043 2989 satis
1057 2955 1098 3002 ee,
1111 2938 1134 2987 si
1146 2955 1216 3009 saepe
1225 2938 1294 2987 venis
1304 2931 1343 2999 (de

297 3015 437 3086 captandis
445 3015 606 3068 amatoribus
616 3015 807 3090 indulperege-
850 3033 905 3086 quo
922 3016 1010 3066 venire
1031 3013 1091 3066 vide
1105 3033 1201 3084 supra,
1221 3013 1284 3085 elep.
1303 3009 1343 3076 il,
1385 3017 1391 3032 ⁸

297 3095 352 3146 nio.
375 3097 484 3150 Frustra
507 3095 616 3148 verbum
637 3097 709 3150 istud
724 3101 806 3152 inter-
851 3093 909 3164 20)·
923 3093 990 3145 Veni
1002 3094 1082 3164 igitur
1098 3091 1343 3160 adme‚tamq¹1³¹¹¹

297 3184 387 3243 preter
397 3173 521 3227 obsceno
532 3193 612 3228 sensu
626 3179 744 3248 positum
760 3177 804 3230 hie
849 3171 884 3226 ad
896 3174 1006 3225 fratrem
1016 3187 1063 3226 aut
1074 3171 1155 3224 fitium
1166 3172 1343 3242 (honestum-

296 3250 401 3305 voluut.
849 3251 953 3306 cabulis
964 3265 1111 3304 amatorem
1123 3250 1285 3309 subindicat;
1297 3245 1342 3299 rid.

335 3328 377 3382 25.
397 3330 540 3383 Uenetum
554 3333 637 3398 dedit,
652 3346 703 3386 etc.
723 3335 803 3388 Conf.
848 3331 964 3404 interpp.
990 3331 1025 3383 ad
1048 3333 1196 3383 Minucium
1222 3329 1343 3391 Felicem,

295 3407 391 3459 imitat.
401 3408 469 3462 Gall.
480 3409 515 3461 ad
527 3415 552 3475 l,
565 3411 804 3465 a.-Lacbmanni
848 3429 908 3482 cap.
927 3409 973 3480 9).
993 3410 1122 3463 Ceterum
1141 3408 1242 3481 pudice
1258 3407 1342 3470 vivito,

297 3483 331 3536 ad
346 3485 397 3538 boc
407 3485 563 3558 subjicimus
572 3501 663 3541 notam
673 3509 680 3542 ι
692 3489 804 3544 Fallitur
847 3507 900 3540 neu
914 3491 996 3540 nimio
1009 3489 1129 3561 corporis
1141 3487 1214 3540 cultu
1225 3497 1342 3540 amatores

294 3565 334 3616 vir
351 3563 446 3617 doctus
468 3565 630 3637 (Kutnoet),
650 3585 732 3638 quum
753 3587 804 3640 po·
849 3563 1343 3641 adlicereetudeas;peccatatua,mihl

295 3655 391 3695 strema
411 3645 460 3696 tria
480 3643 560 3715 hujus
578 3645 666 3716 elegite
689 3645 803 3701 disticha
848 3647 942 3717 crede,
952 3649 1024 3700 sams
1036 3647 1072 3700 ad
1082 3649 1297 3719 meperieret.-
1307 3643 1342 3695 li·

295 3717 348 3772 alio
360 3725 491 3792 pertinere
501 3725 610 3794 cogitat.
624 3725 729 3778 Scilicet
744 3741 802 3778 tur·
845 3747 912 3804 qum
922 3739 967 3783 cst.
979 3729 1083 3780 Tuetur
1095 3727 1278 3781 Lacbmaunus
1289 3721 1342 3776 sub·

223 3861 226 3868 ¹
293 3795 373 3850 batus
387 3819 512 3853 versuum
525 3802 591 3855 ordo
602 3822 657 3875 quo
668 3818 748 3875 pacto
759 3825 802 3860 re-
846 3811 988 3861 stuotivum
1000 3807 1127 3874 verbum,
1143 3806 1217 3878 quod
1235 3803 1342 3876 agnoscit

295 3877 446 3931 stituendus
463 3882 512 3947 sit,
527 3899 583 3933 non
601 3883 802 3949 animadvertit;
846 3889 874 3940 in
894 3897 1012 3943 extremo
1029 3904 1106 3939 versu
1122 3885 1178 3939 Ms.
1198 3881 1340 3956 Neapolita·

295 3971 353 4024 que
365 3973 404 4008 tes
415 3957 548 4028 Scaligero
559 3961 720 4034 quoquebic
733 3961 801 4016 male
845 3983 896 4018 nus
913 3984 975 4017 cum
990 3965 1052 4018 alio.
1067 3963 1135 4016 Vide
1151 3977 1207 4016 not.
1221 3963 1253 4014 ad
1268 3963 1300 4026 11,
1314 3959 1340 4022 6,

294 4035 429 4087 successit.
439 4036 517 4091 Vides
526 4041 684 4112 interrumpi
693 4059 800 4094 sensum
849 4043 889 4098 15.
904 4074 940 4085 -
956 4045 996 4097 De
1010 4045 1141 4116 pigmenti
1153 4059 1264 4115 genem,
1278 4033 1340 4110 quod

294 4109 340 4164 illo
352 4111 465 4167 disticho
477 4117 650 4190 interpositu,
661 4119 799 4175 Aneieoe-
844 4125 953 4196 proprie
972 4123 1104 4196 significat
1121 4123 1165 4175 hic
1182 4119 1339 4192 Propertius,
