2870 4968
312 489 374 572 148
608 480 874 547 PROPERTH
890 479 988 586 ¹LlB.
1014 479 1060 541 ll.

351 611 510 708 Bellaque
521 633 644 704 resque
656 609 704 676 tui
718 629 942 676 memorarem
952 606 1111 687 Caesaris,
1124 623 1159 672 et
1172 621 1210 672 tn
1330 617 1359 670 25

396 728 527 792 Caesare
542 720 606 790 snb
619 743 743 812 magno
756 741 838 786 cura
852 715 1002 784 secunda
1012 715 1112 783 fores.

349 842 435 906 Nam
447 837 577 931 quoties
589 834 772 912 Mutinam,
785 844 859 910 aut,
874 826 983 896 civilia
994 828 1110 911 busta,
1125 825 1315 922 Philippos,

395 955 463 1015 Aut
476 969 633 1014 canerem
644 941 764 1012 siculae
777 938 916 1008 classica
926 938 1014 1007 bella
1027 939 1136 1032 fugae3

348 1066 560 1154 Eversosque
574 1058 668 1126 focos
681 1057 830 1148 antiquae
843 1054 950 1145 gentis
966 1056 1137 1134 Etruscae,

393 1177 435 1238 Et
448 1169 655 1239 Ptolemaeeae
667 1167 765 1234 litora
779 1179 876 1256 capta
889 1163 1005 1232 Phari:
1328 1175 1360 1227 30

347 1289 414 1352 Aut
424 1305 543 1351 canere
554 1283 737 1373 inciperem
750 1293 784 1344 et
795 1274 925 1360 Nilum,
938 1299 1045 1370 quum
1054 1281 1181 1344 tractus
1192 1276 1229 1342 in
1238 1273 1361 1342 urbem

298 1412 419 1465 Postulat
436 1413 521 1464 oratio
541 1411 735 1463 Cimbrorumve
752 1405 806 1458 mi·
853 1404 1236 1478 Trojacommuuesepulcntm
1244 1405 1362 1476 Europa

299 1511 353 1546 tras.
368 1493 556 1545 Lachmannus
571 1491 693 1543 correxit.
735 1543 736 1546 ,
850 1485 970 1557 Asioeque
984 1485 1056 1556 apud
1068 1483 1166 1536 Catull.
1181 1485 1208 1535 in
1219 1486 1291 1536 notis
1306 1485 1362 1536 illic

335 1573 377 1626 25.
401 1573 452 1625 Tui
474 1573 586 1626 Coesaris.
603 1571 722 1622 Positum
743 1585 807 1638 pro·
850 1567 969 1616 citatum.
988 1595 1024 1605 —
1042 1564 1152 1618 Classica
1172 1561 1241 1615 bella
1261 1564 1363 1618 Sicula

297 1673 396 1706 nomen
410 1654 471 1722 hic,
484 1667 514 1706 nt
527 1652 593 1724 eleg.
610 1667 658 1716 ιο,
671 1651 703 1718 4,
718 1662 744 1701 et
755 1649 803 1714 lV,
844 1644 937 1718 fuqoe,
952 1648 979 1696 in
990 1644 1078 1698 Siculo
1091 1645 1158 1696 mari
1170 1642 1307 1696 devictum
1321 1645 1363 1697 fu-

301 1734 393 1800 r,46,
411 1735 453 1785 cui
469 1733 654 1803 pietatisineet
669 1728 813 1801 eternoris¹
849 1737 994 1797 gatumque
1018 1725 1126 1776 Sextum
1145 1725 1305 1794 Pompeium
1328 1724 1362 1776 ab

296 1812 462 1883 significatio.
473 1841 509 1850 -
521 1815 617 1864 Caesare
626 1809 672 1862 sub
686 1815 803 1880 meque,
849 1808 979 1876 Augusto.
992 1804 1155 1877 Bellafuqoe.
1167 1802 1233 1855 Vide
1244 1804 1278 1856 ad
1290 1805 1360 1875 eleg.

297 1905 359 1962 post
379 1910 506 1962 magnum
529 1891 674 1954 Caesarem,
692 1905 754 1939 cura
776 1899 804 1938 tu
853 1902 900 1952 10,
914 1887 1119 1939 23.-Eversos
1136 1887 1247 1938 Etruriae
1261 1886 1362 1957 focos,

296 1979 354 2022 mea
375 1971 488 2024 secunda
505 1968 593 2041 fores,
619 1979 803 2037 argumentum
848 1968 961 2020 Perusiae
975 1966 1260 2019 excidium—litora
1275 1967 1364 2018 Phari

296 2048 423 2116 alterum,
439 2048 522 2100 altera
538 2060 568 2099 tu
582 2064 662 2104 eausa
674 2044 801 2096 carmini·
843 2057 939 2118 capta,
959 2046 1096 2100 obsessam
1117 2058 1279 2119 captamque
1297 2046 1363 2100 Ale·

294 2129 346 2182 bns
358 2131 432 2182 meis.
847 2125 1001 2193 xandriam,
1015 2141 1161 2199 postquam
1176 2129 1284 2180 vicisset
1300 2127 1361 2180 Au-

333 2229 374 2282 ²7·
393 2212 465 2263 Nam
480 2209 595 2283 quoties,
610 2221 660 2259 etc.
678 2206 759 2258 Nulla
770 2205 802 2257 li·
846 2219 938 2276 gustus
956 2205 989 2258 ad
1009 2207 1125 2258 Actium.
1145 2205 1232 2258 Insula
1250 2207 1362 2260 Ptenis

295 2289 446 2342 brariorum
460 2289 601 2339 errantium
614 2285 705 2338 habita
719 2287 802 2336 ratio-
847 2299 902 2350 est,
919 2289 1013 2356 juncta
1028 2285 1092 2338 olim
1111 2305 1207 2357 aggere
1226 2299 1252 2338 et
1271 2301 1362 2359 ponte

295 2387 343 2433 ne,
357 2367 442 2420 scribe
455 2383 486 2419 ex
501 2365 615 2417 historiae
628 2363 801 2414 liderrNam
832 2385 906 2418 rcurt]
927 2365 1097 2418 Alexandria.
1117 2365 1298 2433 Ptolemae,
1326 2367 1362 2420 ab

293 2450 397 2518 quoties
408 2447 555 2510 Mutinam,
571 2457 633 2509 aut,
650 2441 735 2494 civilia
750 2441 801 2492 bu·
846 2445 950 2516 AEfflpti
965 2445 1072 2514 regibus
1087 2442 1239 2496 Ptolemais.
1253 2475 1292 2484 —
1302 2446 1364 2497 Aut

294 2539 350 2592 sta,
369 2523 524 2595 Philippos,
545 2524 600 2572 Aut
620 2537 741 2572 canerem
760 2518 801 2571 si·
846 2543 938 2578 cunm
957 2526 1097 2597 inciperem
1119 2535 1145 2575 et
1163 2523 1270 2577 Nilum,
1292 2524 1362 2577 put.

292 2604 359 2656 cnlae
367 2603 476 2656 classica
484 2601 553 2655 bella
561 2603 643 2670 fragm
655 2600 801 2652 Eversosvc
845 2597 949 2656 ehraet
964 2601 1020 2655 haec
1037 2604 1239 2672 certissimaque
1259 2621 1361 2656 emen-

292 2683 369 2736 focos
380 2684 496 2754 antiquae
506 2683 591 2751 gentis
602 2682 733 2745 Etruscse,
747 2679 802 2730 Aut
845 2681 918 2734 datio
936 2681 1116 2747 Lachmanni,
1136 2699 1214 2751 quern
1235 2679 1272 2732 de
1292 2681 1361 2734 loco

291 2761 453 2814 Ptolemoeeae
463 2761 542 2813 litora
553 2773 631 2832 capta
643 2759 734 2811 Phari:
745 2760 800 2810 Aut
845 2761 1018 2814 disserentem
1033 2763 1120 2832 ipsum
1133 2759 1196 2811 audi
1213 2781 1219 2810 ι
1236 2759 1362 2814 Codices

291 2859 386 2892 canere
401 2841 545 2911 inciperem
559 2853 585 2890 ct
597 2837 699 2904 Nilum,
716 2856 799 2909 quum
844 2843 954 2913 optimi,
977 2842 1167 2912 Groningauus
1188 2857 1249 2890 cum
1276 2841 1361 2908 aliis,

290 2932 392 2972 tractus
405 2921 433 2970 in
447 2918 543 2970 urbem
560 2918 668 2989 Septem
686 2919 798 2988 captivis
843 2923 899 2974 Aut
906 2939 1026 2975 canerem
1040 2923 1155 2992 Cyprum
1166 2930 1192 2973 et
1198 2917 1296 2972 Nilum
1309 2921 1362 2973 ha·

290 2997 385 3051 debilis
405 2997 461 3050 ibat
480 2999 572 3069 aqnis;
589 2997 730 3067 Etregurn
750 3015 799 3048 au·
842 3001 926 3067 bene,
951 2999 1145 3073 Neapolitanus
1171 3001 1298 3070 Cyptnm.
1328 3003 1360 3054 Id

290 3081 353 3132 ratis
381 3077 547 3131 circumdata
577 3075 647 3129 colla
677 3079 798 3144 eatenis,
813 3093 825 3106 ¹
844 3099 926 3152 quum
949 3079 1066 3150 historie
1088 3097 1145 3130 non
1170 3079 1361 3145 conveniret,

289 3159 420 3230 Actiaque
441 3160 468 3209 in
488 3157 568 3209 Sacra
587 3173 694 3206 currere
710 3168 797 3207 rostra
842 3157 1362 3234 AEpypmmprimieditoressubstitue.

288 3239 346 3300 ria3
359 3251 433 3289 etc.»
449 3239 540 3288 Priora
550 3235 635 3288 adres
645 3235 797 3305 gestas,ul·
842 3253 905 3292 runt
927 3239 1004 3308 (Aut
1018 3257 1138 3291 oannem
1157 3239 1311 3310 AEpyptum
1332 3253 1362 3294 et

288 3319 354 3368 tima
363 3317 397 3368 ad
410 3314 573 3387 triumphum
586 3314 728 3385 pertinent.
740 3315 796 3367 Ne·
840 3319 955 3384 Nilum,
978 3319 1064 3390 ete),
1081 3317 1280 3389 probantibus,
1306 3323 1361 3392 qni

289 3415 340 3469 qne
366 3399 393 3447 in
417 3394 573 3464 hujusmodi
598 3396 796 3446 enumeratione
840 3397 956 3469 posthae
969 3397 1043 3450 hunc
1056 3409 1166 3468 poetam
1176 3388 1360 3467 adtigerunt,

287 3476 452 3548 negligentia
464 3474 539 3526 locus
553 3487 600 3526 est.
615 3475 676 3525 Haec
694 3475 795 3544 optime
841 3477 975 3530 omnibus.
991 3475 1043 3530 Sed
1061 3495 1115 3549 quo
1133 3474 1241 3528 tandem
1260 3481 1360 3532 consi·

286 3553 687 3618 hastitenens-Mutinam,
700 3550 728 3604 id
741 3563 794 3619 est,
840 3556 877 3609 lio
901 3559 1047 3630 AEpyptum
1068 3571 1279 3623 commemorat,
1306 3563 1361 3630 qui

285 3633 427 3686 liberatum
451 3633 484 3685 ab
508 3635 629 3702 Augusto
655 3631 795 3684 Decimum
837 3640 893 3708 jam
912 3635 1014 3688 dixerat
1032 3649 1111 3688 antea
1130 3635 1299 3690 Ptolemoeeoe
1319 3639 1361 3690 li-

285 3715 414 3779 Brutnm,
434 3731 513 3786 qrrem
532 3713 640 3764 tenebat
660 3711 793 3765 Antonius
840 3729 897 3770 tora
907 3731 984 3790 capta
996 3718 1099 3770 Phari?
1112 3709 1202 3787 Quid,
1215 3717 1293 3788 qnod
1307 3719 1361 3775 hic

285 3792 422 3846 obsessum
431 3791 792 3864 Matinae—Philippeum
839 3796 873 3848 de
894 3797 973 3848 rebus
996 3798 1077 3867 gestis
1097 3798 1124 3848 in
1146 3797 1261 3869 AEfflpto
1279 3796 1360 3868 (hes

284 3871 465 3924 celeberrimis
477 3871 683 3944 quibuscampis
695 3872 792 3926 obruta
838 3878 908 3930 enim
921 3877 1033 3952 AEqypti
1046 3883 1147 3930 nomen¹
1159 3879 1197 3928 sic
1211 3875 1283 3929 nude
1300 3899 1361 3951 po-

282 3967 345 4000 eum
360 3951 442 4002 Bruto
460 3951 606 4023 Cassioque
624 3953 743 4004 Romana
759 3951 792 4004 li·
837 3961 917 4012 sirum
930 3957 1078 4030 indicabit)
1090 3977 1145 4010 non
1161 3957 1278 4030 amptius
1290 3965 1360 4034 agi.

226 4086 228 4089 ,
278 4029 372 4084 ‘bertas
384 4043 432 4083 est.
444 4031 540 4084 Civilia
553 4033 626 4087 tuna
640 4033 705 4086 dicit
719 4053 789 4087 cam·
835 4052 900 4105 tur,
921 4037 967 4091 sed
998 4037 1032 4090 de
1059 4035 1156 4111 triplici
1183 4037 1358 4110 triumpho,

282 4129 333 4180 pos
346 4111 427 4176 istos,
440 4107 495 4182 qno
509 4111 590 4164 modo
601 4111 727 4168 Pennino
738 4135 789 4186 pa·
833 4117 975 4189 AEgyptio,
988 4115 1111 4189 Illyrico,
1126 4115 1255 4168 Actiaco:
1272 4139 1284 4162 ι
1296 4121 1360 4173 Νί-

283 4190 339 4242 trioe
361 4189 480 4262 sepulcra
501 4205 576 4244 erant
597 4193 621 4256 1,
644 4209 694 4261 aa,
714 4193 746 4262 3,
761 4207 788 4248 et
834 4195 906 4262 lum,
928 4213 1010 4268 quum
1025 4209 1127 4250 tractus
1140 4199 1168 4249 in
1187 4195 1356 4253 urbem...
