2940 4974
376 497 463 562 rua
488 497 645 566 sanos
669 499 883 566 mensus.
1115 521 1154 586 η

428 679 459 731 A.
473 677 504 729 U.
520 677 549 730 C.
563 679 632 749 738;
643 679 775 750 Propertii
788 677 831 748 37.

275 822 279 828 .
380 760 409 810 1..
425 758 572 819 Domitium
587 760 615 811 P.
630 757 768 832 Cornelius
782 758 879 830 Scipio.

145 937 199 997 llic
219 937 253 995 P.
277 939 441 1000 Cornelius
462 939 563 1022 Scipio
586 941 693 1001 consul
714 954 761 1000 est
780 939 834 1000 ille
852 941 918 1022 ipse
938 937 1032 998 frater
1052 937 1159 998 Come-

113 1033 152 1094 lioe
170 1034 272 1112 illius,
301 1033 391 1118 cnjus
424 1051 555 1098 mortem
585 1038 760 1122 Propertius
784 1049 922 1099 extremo
946 1035 1027 1096 libro
1047 1047 1158 1116 quarto

111 1133 214 1212 (carm.
226 1135 275 1214 ll)
287 1149 355 1194 tam
364 1135 499 1217 graviter
513 1135 652 1213 deflevit,
665 1134 789 1198 consule
799 1156 863 1218 quo
875 1134 958 1196 facto
969 1133 1022 1194 illa
1035 1147 1158 1194 mortua

20 1267 21 1274 ν
111 1243 162 1308 est,
175 1232 350 1294 secundum
365 1255 409 1294 vs.
421 1235 480 1310 66,
497 1249 533 1296 ut
551 1235 629 1297 adeo
650 1249 773 1319 tempus
790 1235 968 1318 scriptionis
985 1230 1079 1314 hujus
1094 1253 1159 1294 car·

19 1343 21 1402 l
111 1329 191 1390 rninis
204 1329 351 1412 lugubris
365 1331 398 1392 in
410 1329 495 1394 hunc
508 1335 610 1416 ipsum
627 1355 749 1396 annum
760 1334 894 1396 incidere
906 1332 1057 1394 videatur.
1067 1333 1158 1392 Pater

111 1425 165 1507 ejus
184 1428 289 1510 Scipio
319 1427 382 1488 fuit
405 1429 581 1492 consularis
607 1430 681 1507 ille,
709 1432 759 1492 cui
783 1429 1001 1504 Scriboniam,
1027 1441 1158 1488 matrem

19 1579 20 1584 ,
110 1523 265 1601 Cornelis,
280 1525 415 1586 abduxit
427 1527 634 1602 Octavianus,
653 1527 824 1590 secundum
837 1529 963 1588 Suetou.
976 1526 1085 1586 Octsv.
1100 1524 1158 1599 62,

19 1651 20 1676 1
110 1640 137 1680 u
145 1642 237 1704 esque
248 1625 267 1684 J
270 1621 371 1684 uliam
384 1625 516 1708 suscepit
526 1623 625 1684 liliam
632 1647 642 1703 3
654 1645 725 1686 mox
739 1639 860 1700 tamen,
870 1645 944 1684 cum
955 1622 1064 1684 eadem
1076 1621 1159 1683 lacto

110 1715 247 1797 divortio,
259 1721 371 1782 statim
387 1723 509 1782 Liviam
520 1721 708 1796 Drusillam,
723 1721 928 1782 matrimonio
944 1720 1047 1782 Tiber.
1057 1719 1161 1794 ¹Nero·

108 1819 160 1894 nis,
174 1833 217 1895 et,
229 1821 363 1902 quidem
373 1818 553 1902 gravidam,
570 1821 692 1904 eripuit.
705 1823 835 1881 Factum
844 1817 903 1880 hoc
917 1831 976 1894 est,
988 1817 1159 1881 secundum

18 1947 19 1974 ;
109 1917 247 1993 Dionem,
262 1919 300 1979 A.
321 1919 359 1979 U.
379 1921 413 1980 C.
427 1919 503 2002 716,
522 1921 620 1980 atatis
645 1919 840 2002 angustiat.
863 1921 953 1981 Hanc
972 1918 1013 1978 oh
1035 1937 1159 1978 causam

18 2039 19 2050 ¹
109 2016 241 2078 Cornelia
256 2038 291 2078 se
311 2029 403 2078 vocat
423 2039 547 2080 sororem
562 2017 652 2082 Jutioe
665 2039 709 2078 vs.
728 2018 776 2100 59.
795 2018 949 2100 Nupserst
966 2037 1040 2077 vero
1059 2015 1159 2098 Panlo

109 2113 221 2176 AEmilio
235 2113 378 2198 Lepido,
392 2116 448 2197 qni
464 2116 499 2176 A.
514 2117 552 2176 U.
566 2115 643 2196 732,
657 2117 701 2177 M.
713 2115 846 2178 Claudio
857 2113 1006 2176 Marcello
1021 2114 1159 2174 AEserino

110 2215 172 2272 etl.
187 2214 325 2274 Aruntio
337 2233 428 2288 coss,
439 2233 512 2276 cum
528 2215 563 2274 L.
575 2215 718 2276 Munatio
730 2213 847 2276 Planco
863 2233 970 2274 censor
986 2211 1060 2287 fuit,
1072 2209 1159 2294 quod

110 2323 133 2370 ct
142 2312 285 2374 Cornelia
295 2313 404 2374 innuit
412 2334 469 2374 vss.
482 2310 518 2389 4¹
537 2325 568 2373 et
578 2313 627 2396 67.
637 2316 710 2374 Tres
722 2310 834 2374 habuit
843 2311 958 2374 liberos
970 2309 1024 2392 (cf.
1038 2333 1083 2372 vs.
1094 2312 1160 2390 61),

111 2407 173 2472 dnos
197 2410 283 2472 filios
304 2409 449 2494 Lepidum
471 2423 501 2472 et
528 2408 660 2472 Paulum
676 2411 740 2492 (vs.
764 2409 844 2490 63),
871 2430 1030 2494 unamque
1048 2408 1158 2470 filiam.
1201 2479 1206 2492 ι

111 2507 220 2570 llortua
235 2530 315 2570 vero
337 2522 382 2570 est
401 2507 467 2570 haec
486 2509 630 2572 Cornelia
651 2507 736 2568 haud
753 2509 849 2570 dubie
864 2509 946 2570 circa
963 2507 1059 2570 finem
1082 2509 1159 2570 anni

111 2608 301 2685 precedentis
325 2609 395 2689 737.
415 2609 557 2690 Namque
574 2627 611 2667 eo
631 2605 794 2668 manifeste
811 2607 933 2668 ducunt
954 2606 1048 2668 verbs
1064 2605 1162 2686 ipsius

112 2701 249 2766 Comelite
260 2725 310 2765 vs.
325 2704 382 2764 65:

287 2859 397 2926 Vitlimus
406 2891 430 2926 ct
437 2880 534 2927 fratrent
542 2879 622 2927 sellam
632 2882 762 2943 geminasse
772 2879 893 2926 curulem:

320 2949 424 2998 Consule
433 2965 482 3013 quo
490 2949 554 2997 iacto
563 2963 671 3012 tempore
680 2963 747 3014 rapu
755 2965 830 2997 soror.

111 3097 258 3160 Geminatc
283 3097 355 3159 sella
380 3097 489 3160 curulis
510 3099 593 3160 nihil
617 3098 703 3160 aliud
728 3101 902 3182 significare
925 3113 1039 3182 potest,
1062 3059 1157 3180 quam

110 3190 223 3258 fratrem
234 3195 394 3258 Corneliae
405 3196 451 3258 bis
459 3199 677 3280 magistratum
685 3197 824 3256 curulem
832 3197 970 3280 gessisse,
981 3196 1158 3258 aedilitatem

110 3307 208 3374 tempe
222 3307 256 3354 et
271 3307 459 3375 praeturam3
474 3295 542 3370 sed,
559 3315 659 3375 quum
673 3293 740 3376 jam
754 3293 863 3356 consul
877 3293 1055 3376 designatus
1066 3305 1158 3368 esset,

16 3403 17 3408 ’
111 3405 197 3472 neque
208 3405 322 3452 tamen
332 3388 400 3472 jam
414 3391 608 3452 consulatum
624 3392 748 3468 inisset,
763 3391 905 3452 Cornelia
917 3411 998 3452 soror
1009 3402 1094 3472 rupto
1104 3405 1158 3450 est.

111 3484 191 3564 Nam,
208 3491 235 3551 si
256 3487 388 3550 fratrem
403 3489 506 3552 adhuc
525 3491 685 3552 consulem
700 3490 840 3568 vidisset,
855 3491 957 3552 dicere
972 3509 1039 3550 non
1058 3503 1161 3570 posset

111 3578 226 3646 stenem
254 3585 349 3646 modo
374 3588 547 3668 geminasse
572 3587 679 3648 sellam
706 3587 863 3662 curulem,
890 3584 985 3667 idque
1005 3605 1037 3646 se
1057 3586 1157 3668 ipsam

111 3679 218 3746 vidisse.
230 3683 305 3746 Vox
320 3699 444 3768 tempore
457 3687 543 3760 vero,
562 3687 596 3746 in
609 3705 700 3746 versu
714 3686 868 3762 breviore,
884 3685 1018 3767 pertinet
1032 3683 1072 3744 ad
1088 3705 1157 3766 par·

112 3777 241 3864 ticipinm
256 3795 342 3866 rupta
351 3807 361 3842 .·
371 3785 443 3866 qu,
449 3805 530 3846 soror
540 3781 619 3846 illitu
631 3796 716 3867 rapta
727 3805 793 3845 sum
805 3797 944 3866 tempore,
956 3803 1013 3865 pro
1023 3783 1158 3864 tempori,

112 3873 206 3954 idest,
222 3881 257 3940 in
271 3893 427 3962 tempore,
441 3880 540 3964 justo,
556 3891 736 3964 opportuno
750 3891 907 3960 tempore,
926 3899 1025 3960 quum
1034 3874 1101 3958 jam
1113 3889 1160 3938 sat

16 4021 18 4028 ,
114 3970 174 4034 lelix
194 3976 339 4054 fuissem,
358 3999 460 4062 neque
479 3977 557 4043 mihi
574 3999 628 4064 per
640 3976 778 4038 fortunoe
799 3977 1041 4040 inconstantiam
1066 3975 1158 4058 qnid-

114 4087 197 4148 quam
221 4075 340 4136 sinistri
356 4089 386 4136 et
406 4089 519 4158 praeter
540 4089 646 4158 optata
671 4073 837 4135 accidisset.
861 4075 996 4135 Pertinet
1017 4071 1078 4132 huc
1099 4073 1159 4131 Do·

16 4223 17 4276 p
115 4169 170 4227 nati
192 4171 369 4234 observatio
391 4173 430 4234 ad
453 4176 574 4234 Terent.
596 4171 691 4232 Andr.
714 4174 824 4248 1v‚5‚
844 4193 897 4253 19,
916 4173 1019 4236 «Veni
1038 4172 1070 4229 in
1087 4182 1158 4228 tem·
