2808 4974
643 659 890 791 ennon
921 661 1005 756 rx.

649 865 711 928 An
734 863 1006 928 CYNTHIAM.

714 1225 941 1262 treunam.

340 1341 516 1400 Amatorem
530 1359 648 1399 novum
659 1337 752 1400 hebet
765 1337 901 1422 Cynthia
911 1384 920 1416 ,
932 1337 1002 1416 sed,
1019 1339 1100 1400 utin
1114 1359 1221 1399 amore
1235 1357 1306 1418 vaga
1316 1351 1343 1397 et

300 1435 458 1497 mutabilis
483 1448 545 1512 est,
566 1433 651 1496 hunc
671 1434 804 1516 ejectum
827 1445 901 1497 mor
921 1436 998 1496 alter
1020 1448 1172 1517 sequetur.
1194 1435 1222 1494 Ο
1244 1434 1344 1494 veteris

300 1535 425 1595 Graeciae
439 1553 559 1610 mores,
576 1554 595 1592 o
612 1534 710 1615 prisca
724 1533 801 1595 fides
817 1534 954 1616 perdite,
973 1553 1071 1616 quum
1087 1532 1187 1616 Ulyssi
1203 1532 1345 1614 Penelope

300 1645 392 1706 esset,
414 1651 512 1712 quum
531 1631 582 1714 pie
596 1631 682 1692 fleret
698 1631 809 1692 Briseis
825 1629 977 1692 Achillem
992 1630 1167 1692 mortuum!
1183 1629 1239 1691 Sed
1255 1641 1289 1690 tu
1301 1627 1344 1687 vel

299 1728 393 1787 unius
411 1729 527 1803 noctis,
547 1727 598 1788 vel
619 1730 710 1788 unius
731 1728 810 1806 diei,
834 1727 998 1811 improba,
1019 1739 1134 1788 eastern
1157 1725 1345 1787 solitudinem

299 1822 378 1884 ferre
392 1846 457 1885 non
477 1827 608 1886 sustines
626 1847 633 1884 r
654 1825 715 1887 hoc
734 1828 801 1908 ipso
820 1839 997 1902 momento,
1019 1845 1124 1886 nonne
1144 1826 1238 1884 etiam
1255 1821 1345 1882 alium

239 1955 242 1962 .
299 1923 392 1983 istum
406 1937 527 2005 captas,
541 1926 596 2004 qui
612 1938 641 1984 te
649 1923 716 2006 jam
730 1924 823 1986 semel
836 1923 964 2005 reliquit
982 1937 1138 1984 amantem
1153 1921 1274 1984 snsml.
1286 1963 1294 1979 .
1305 1963 1312 1979 .
1323 1962 1344 1978 ..

299 2021 411 2080 Merita
421 2019 488 2102 jam
504 2021 600 2082 oblita
620 2044 673 2082 sne
693 2024 726 2082 in
748 2021 887 2106 puellam
908 2024 1090 2104 Propertius
1111 2033 1248 2094 revocnt3
1268 2017 1346 2080 abire

297 2115 398 2198 jussus
413 2131 514 2200 paret,
530 2117 672 2200 ceditque
682 2119 790 2194 rivali3
806 2119 976 2202 Cupidines
990 2133 1074 2197 orat,
1087 2131 1123 2178 ut
1135 2115 1204 2178 telis
1217 2117 1275 2177 suis
1289 2129 1346 2175 tan

298 2213 415 2272 acerbae
432 2215 502 2273 vitre
518 2211 616 2274 finem
632 2213 769 2297 denique
787 2213 915 2276 faciant.
933 2217 995 2294 (De
1010 2215 1127 2276 caeteris
1143 2234 1211 2274 non
1227 2211 1346 2290 integris

301 2301 505 2387 vide'notas.)
974 2309 979 2322 '

772 2445 884 2463 ιι*

351 2548 433 2658 lsrn
445 2589 537 2686 quod
550 2607 617 2673 est,
633 2615 696 2684 ego
709 2615 797 2684 saepe
809 2592 858 2660 fui
872 2617 879 2656 :
897 2591 956 2659 sed
969 2590 1039 2658 fors
1050 2606 1085 2657 et
1095 2591 1132 2656 in
1143 2587 1228 2659 hora

395 2705 468 2768 Hoc
480 2703 553 2792 ipso
566 2697 672 2794 ejectd
684 2705 794 2770 carior
804 2701 890 2770 alter
902 2706 975 2770 erit.

347 2809 515 2903 Penelope
526 2827 659 2904 poterat
669 2813 721 2880 bis
733 2812 839 2880 denos
855 2812 948 2880 salva
961 2835 1022 2905 per
1036 2835 1145 2880 annos

394 2922 531 3004 Vivere,
544 2937 613 2988 tam
625 2921 739 2988 multis
754 2921 879 2990 semina
890 2921 991 3016 digna
1006 2923 1134 3015 procis;

348 3030 550 3126 Conjugium
566 3033 944 3128 falsapoterntdiflerre
958 3037 1128 3117 Minerva,
1200 3035 1202 3040 ’
1289 3039 1384 3116 ,5Ι

394 3149 567 3212 Nocturno
580 3143 715 3214 solvens
730 3163 821 3214 textu
832 3143 955 3214 diurna
966 3142 1065 3226 dolo;

347 3256 469 3322 Visura
481 3276 515 3323 et
528 3259 683 3351 quamvis
698 3281 887 3354 numquam
900 3273 1052 3352 speraret
1063 3255 1205 3339 Ulixen,

396 3363 497 3432 lllum
509 3367 736 3458 exspectando
748 3369 835 3436 facta
848 3370 1010 3436 remansit
1022 3389 1121 3436 anns.
1223 3443 1227 3448 ,

341 3551 363 3585 1.
383 3535 434 3587 Iste
449 3533 520 3607 quod
531 3546 582 3604 est,
602 3535 674 3610 qnod
688 3555 759 3590 nune
778 3539 805 3590 in
851 3539 954 3592 Frsneii
972 3537 1071 3608 recepit
1089 3547 1115 3589 et
1130 3533 1278 3588 Marklandi
1289 3530 1348 3588 sola·

302 3631 393 3666 eruore
405 3627 452 3666 tuo
469 3627 524 3682 est,
538 3615 589 3670 hoc
606 3636 654 3692 epo
669 3635 736 3690 sepe
748 3617 806 3689 fui.
887 3615 912 3669 5.
926 3617 1048 3670 Minerva
1062 3633 1111 3687 pro
1125 3629 1179 3667 arte
1196 3616 1253 3687 ipsa
1271 3627 1349 3666 texto·

301 3692 467 3766 Explicntum
479 3693 581 3750 videbis
597 3715 746 3768 pronomen
763 3699 808 3750 iste
852 3697 901 3762 ris,
914 3709 943 3747 ut
958 3695 1031 3767 spnd
1039 3694 1132 3766 Virqil.
1142 3693 1201 3747 AEn.
1212 3695 1282 3759 vm,
1292 3692 1347 3761 409·

302 3773 337 3824 ad
361 3773 498 3841 1,2,25.
518 3805 554 3816 -
566 3777 658 3843 Hora,
681 3780 807 3850 temporis
888 3791 913 3846 7.
926 3775 962 3826 Et
977 3777 1095 3847 quamvis
1110 3793 1255 3846 numquam
1272 3775 1350 3826 vim

304 3867 482 3920 momentum,
495 3857 560 3919 utl,
574 3856 605 3922 6,
621 3873 647 3908 rr
662 3871 688 3908 et
698 3857 743 3911 35.
853 3867 985 3928 speraret,
1013 3876 1159 3930 numquam
1182 3875 1211 3910 se
1232 3858 1347 3910 visuram.

340 3933 366 3986 3.
381 3935 508 4003 Poterat,
529 3938 625 4007 potuit.
651 3937 729 3990 Conf.
749 3951 807 3990 not.
853 3933 1352 3991 Graecaloeutioest.-Factaremensil

307 4011 381 4078 adl,
397 4029 442 4078 ιο,
458 4031 482 4066 2.
501 4015 641 4082 -Salva,
663 4017 697 4068 sb
718 4037 809 4070 amore
853 4037 926 4085 anus,
935 4019 1005 4072 facts
1014 4031 1135 4072 nnusest.
1143 4015 1263 4068 Verbum
1274 4033 1349 4068 mma·

256 4106 257 4109 ’
307 4092 419 4154 scilieet3
430 4095 593 4167 incorrupte.
607 4094 689 4148 Nullo
700 4111 808 4149 senten·
853 4115 913 4149 nere
924 4091 1348 4168 nonintelligomisieumlreclr·

306 4173 347 4224 tite
370 4171 442 4226 bono
460 4174 579 4228 Kuinoel
595 4176 808 4230 emendationem
853 4195 952 4230 manno
967 4179 1105 4232 statuimus
1117 4173 1209 4228 endem
1223 4173 1348 4248 significa·
