2826 4978
438 477 639 540 cnnnnn
666 477 725 540 ιν.
1043 481 1108 568 493

155 606 232 668 Haec
246 623 383 696 quoquc
396 600 545 670 formoso
558 599 674 696 lingna
685 601 818 671 tulisset
829 627 941 698 opem.

111 717 156 781 Te
167 731 242 805 toga
253 715 343 807 picta
355 711 470 797 decet;
484 738 553 781 non
566 739 669 810 quem
681 717 754 782 sine
766 717 882 784 metris
894 715 1024 785 honore

153 829 263 893 Nutrit
273 825 469 894 inhumano
481 825 567 894 dure
578 825 705 920 papilla
716 826 818 920 lupae.

110 936 175 1004 ‘Sic
185 936 324 1030 hospes,
340 939 514 1030 pariemne
526 953 584 1004 tun
596 939 714 1030 regine
726 936 790 1005 snb
800 937 916 1022 nnln,‘
1076 953 1109 1008 55

150 1051 216 1114 Dos
228 1045 288 1114 tibi
300 1069 371 1113 non
383 1043 519 1114 humilis
533 1045 669 1140 prodita
681 1053 788 1115 Roma
799 1050 902 1116 venit.

108 1158 276 1239 siminus,
288 1173 323 1224 at
333 1173 439 1250 raptae
451 1182 495 1225 ne
507 1160 575 1225 sint
587 1160 728 1252 impune
740 1159 890 1229 Sabinae!

150 1275 205 1338 Me
216 1293 315 1363 rape,
329 1287 364 1336 et
373 1269 502 1338 alterne
515 1269 588 1362 lege
601 1271 750 1364 repende
762 1274 863 1341 vices.

107 1382 303 1448 commissas
315 1382 404 1447 acies
417 1405 479 1472 ego
491 1403 632 1474 possum
647 1380 796 1468 solvere3
811 1401 945 1476 nuptae,

147 1497 216 1558 Vos
228 1487 379 1558 medium
390 1491 482 1584 pulla
494 1491 603 1560 foedus
617 1495 699 1560 inite
711 1517 798 1560 mee.
1073 1508 1110 1562 60

105 1600 206 1684 Adde,
214 1603 411 1695 Hymenaee,
419 1601 557 1685 modos;
567 1601 713 1684 tubicen,
721 1602 792 1670 fera
805 1605 1121 1676 murmuraconde„

144 1707 293 1792 Credite,
306 1729 417 1778 vestre
427 1734 524 1778 meus
536 1710 667 1778 molliet
678 1735 771 1778 arma
786 1727 891 1782 torus.

104 1823 143 1886 Et
149 1817 222 1912 jum
234 1836 355 1915 quarta
369 1825 459 1888 canit
469 1837 648 1890 venturam
660 1820 804 1888 buccina
817 1821 948 1909 lucem,

146 1935 293 2024 Ipseque
305 1933 341 1998 in
352 1935 526 2001 Oceanum
539 1931 649 2000 sidera
661 1931 757 2000 lebna
768 1931 905 2001 cadunt.

104 2043 263 2133 Experiar
276 2065 455 2126 somnum;
469 2041 512 2110 de
526 2059 559 2110 te
570 2040 654 2109 mihi
666 2045 799 2110 somnia
811 2067 982 2138 quaeram:
1075 2057 1110 2112 65

146 2135 213 2220 Fac
225 2154 342 2220 venias
354 2153 461 2222 oculis
475 2153 596 2222 umbra
606 2151 753 2246 benigna
763 2156 859 2224 meis,

102 2263 204 2344 Dixit,
218 2277 253 2330 et
262 2265 392 2331 incerto
403 2266 557 2358 permisit
567 2262 704 2333 brachia
716 2288 853 2348 somno,

92 2493 131 2546 52.
143 2495 450 2569 Hoecquoqueformoso
466 2495 558 2570 linqua
602 2499 715 2571 Tarpeia
742 2499 869 2572 hospitem
893 2517 922 2554 se
942 2497 1008 2554 dicit
1029 2501 1108 2554 Tatii.

64 2571 152 2626 tulisset
170 2592 263 2646 opem
280 2575 319 2626 uti
329 2575 423 2627 laconi
433 2574 538 2629 Medea.
638 2578 681 2650 57.
696 2579 727 2633 St
739 2580 827 2633 minue
840 2579 881 2648 (si
895 2577 964 2632 nolis
979 2577 1067 2652 hoc),
1082 2593 1109 2634 st

91 2651 131 2705 53.
151 2653 191 2705 Te
212 2663 272 2728 toqa
293 2655 366 2725 picta
385 2654 458 2707 decet
475 2653 557 2726 (toga
602 2656 695 2710 saltem
712 2670 802 2729 raptus
820 2656 931 2710 Sabinus
947 2659 1047 2730 cogite.
1068 2659 1108 2712 De

63 2731 213 2804 triumphi),
230 2751 284 2785 non
300 2751 392 2805 quem,
405 2753 460 2786 nou
476 2735 557 2787 istum
601 2734 738 2788 locutione
759 2737 887 2790 siminus
905 2735 966 2790 vids
988 2737 1108 2792 Cor-tium

62 2808 230 2883 (Romulum)
240 2829 320 2882 quem
334 2811 391 2864 sine
403 2815 493 2867 matris
511 2813 558 2866 ho·
602 2814 636 2866 ed
650 2815 717 2868 Plin.
739 2817 816 2887 epist.
831 2817 857 2883 1,
872 2815 904 2881 3,
924 2831 950 2869 α.
970 2845 1007 2856 -
1023 2817 1051 2872 V
1049 2820 1107 2872 ices.

62 2907 127 2958 nore,
137 2889 294 2943 destitutum
305 2903 403 2958 matre,
413 2891 479 2944 dura
488 2891 558 2964 lupoe
601 2893 669 2948 Vide
682 2895 708 2961 1,
726 2894 771 2959 13,
789 2911 829 2947 ro.

60 2969 154 3039 pupilla
163 2969 556 3040 nusrmnutnvinpimdir,
637 2975 680 3042 59.
700 2976 798 3045 Νηρία
819 2971 1021 3042 (Romanorum
1041 2993 1108 3027 uxo-

61 3045 152 3112 tudiit,
162 3051 210 3114 1v,
222 3065 256 3118 9,
267 3049 321 3120 39)
334 3049 370 3101 cf.
381 3049 433 3112 111,
449 3067 497 3116 υ,
515 3050 556 3102 13.
601 3071 643 3104 res
654 3052 788 3124 Sabinas),
802 3071 845 3106 vos
858 3051 972 3103 medium
983 3051 1048 3105 inite
1054 3053 1108 3125 foe·

61 3124 180 3180 Ceterum
192 3140 282 3202 copam
301 3127 374 3180 illem
392 3145 445 3180 scu
456 3129 557 3201 pictam
601 3132 648 3185 dtas
660 3131 732 3202 (hoc
751 3143 807 3195 eet,
821 3149 869 3183 vos
883 3131 952 3182 inter
965 3131 1036 3183 acies
1052 3150 1108 3186 ms-

61 3221 106 3258 ncn
119 3209 168 3260 nisi
175 3207 340 3278 Tarquinius
352 3207 456 3260 Priscus
468 3205 557 3272 dedit,
600 3211 664 3274 ἀίεις
682 3211 716 3263 cf.
736 3209 848 3263 similem
865 3211 982 3262 formum
998 3213 1037 3280 ll,
1055 3211 1108 3282 34,

60 3283 95 3336 vel
106 3285 198 3340 Tullus
216 3284 360 3353 Hostilius,
377 3303 456 3358 quem
474 3301 557 3359 poeta
601 3287 1020 3363 57)pallumea(conjugiomeo‚
1032 3291 1106 3364 quod

60 3362 155 3420 Romuli
183 3369 242 3437 jem
270 3366 435 3438 temporibus
463 3380 556 3420 notam
600 3369 823 3423 reconciliationis
851 3387 933 3422 omen
956 3381 983 3424 et
1009 3371 1107 3443 pignus

61 3443 132 3500 luisse
140 3448 226 3520 fingit.
600 3449 659 3519 sit).
673 3447 781 3502 Pollam
792 3445 909 3519 intellige
917 3447 1064 3520 nuptialem
1074 3469 1106 3504 ex

91 3524 129 3578 55.
144 3527 296 3578 Patimurne.
307 3525 350 3578 Sic
362 3525 555 3599 Neapolitanus
601 3530 709 3601 nuptis,
737 3545 802 3600 quas
828 3527 983 3599 alloquitur.
1010 3528 1107 3582 Forma

58 3606 205 3670 priimum
221 3605 406 3678 Groninganus
422 3623 482 3658 cum
498 3607 555 3660 aliis
601 3627 656 3660 non
669 3607 797 3660 absimilis
807 3609 858 3672 111,
876 3623 923 3677 17,
940 3607 980 3659 15.

58 3682 153 3751 purim
165 3696 214 3737 tua
224 3703 275 3736 ne.-
288 3685 363 3756 quod
374 3689 461 3738 stetim
473 3705 555 3758 eppa·
636 3687 680 3739 61.
692 3686 798 3752 Medos,
808 3699 918 3750 centus,
931 3701 1047 3740 carmen.

60 3775 103 3828 ret,
110 3763 554 3835 purticnlnneturbatscntentism.
636 3768 681 3822 63.
697 3768 796 3838 Quarto
810 3767 931 3832 buccina,
949 3784 1008 3837 quse
1024 3785 1107 3840 quer-

60 3838 142 3913 lcgo:
163 3869 175 3892 ι
190 3845 233 3898 Sic
245 3843 342 3916 hospes
357 3846 493 3917 paricmve
509 3859 556 3898 tna
600 3861 655 3900 tam
664 3847 782 3919 vigiliam
791 3849 871 3898 canit.
880 3845 1047 3898 Nocturnum
1055 3849 1107 3900 mi-

59 3925 139 3994 tonins
165 3925 218 3978 sub
241 3924 340 3978 aulul»
364 3925 488 3996 (utinam
515 3926 556 3980 vel
600 3926 683 3980 litium
695 3927 793 3980 scimus
802 3927 830 3978 in
841 3939 957 3997 quatuor
967 3938 1056 3998 partes
1067 3927 1106 3980 di·

61 4017 73 4050 a
97 4016 121 4055 te
141 4017 251 4076 excepte
277 4003 375 4074 hospes
399 4003 442 4057 vel
466 4007 556 4076 regins
600 4007 681 4058 visam
693 4005 896 4058 esse-lateo
907 4003 1012 4060 cadunt.
1026 4007 1105 4062 Conl.

60 4085 149 4154 conjux
172 4099 220 4137 tna
241 4097 267 4136 tc
293 4085 391 4138 luciam
411 4087 556 4156 petrem)
599 4084 770 4152 111‚15,3t.

60 4177 212 4235 quemqnam
223 4161 336 4216 fortene
349 4181 402 4214 non
412 4165 555 4217 rectissime
636 4166 679 4236 67.
695 4167 807 4218 incertus
822 4183 942 4233 wmnus,
954 4167 1066 4240 agitatus
1080 4183 1106 4222 et
