2808 4974
25 563 27 572 .

25 575 27 614 l

25 629 27 668 l

25 671 27 794 l

25 797 27 852 l

25 2799 27 2856 l

25 2857 27 2906 l

438 443 615 510 ELEGIA
640 445 701 508 Vl.

159 567 356 663 HiaTrojana
367 566 460 636 vides
473 569 593 638 funere
603 571 787 664 principiis.
883 592 885 601 ¹

123 681 224 769 Aspera
233 682 413 745 Centauros
425 675 542 744 eadem
555 675 723 746 dementia
731 675 834 770 jussit

156 792 304 880 Frangere
315 791 350 856 in
360 787 542 855 adversum
553 787 675 880 pocula
686 786 883 856 Pirithoum.

120 900 174 963 Gur
184 887 324 992 exempla
335 913 450 991 petam
462 899 623 965 Graium?
637 913 675 964 tu
686 899 835 966 criminis
849 912 983 983 auctor,
1077 947 1082 958 ·

154 1009 289 1076 Nutritus
304 1008 686 1092 durae,Romule,lacte
696 1006 799 1100 lupae.
865 1092 868 1096 ¹
1057 1041 1090 1076 20
1126 1091 1137 1103 .

118 1120 160 1184 Tu
171 1143 279 1211 rapere
289 1123 430 1199 intactas
441 1117 583 1186 docuisti
594 1119 733 1210 impune
747 1116 900 1200 Sabinam

152 1232 206 1295 Per
216 1247 247 1296 te
257 1253 348 1297 nunc
359 1234 473 1296 Romae
487 1221 656 1323 quidlibet
661 1225 764 1295 audet
777 1228 887 1295 Amor.

116 1335 191 1406 Felix
199 1337 326 1434 Admeti
339 1337 464 1432 conjux
479 1355 513 1406 et
523 1337 629 1424 lectus
646 1335 753 1420 Ulixi,

151 1453 187 1516 Et
196 1475 412 1546 quecumque
422 1453 485 1519 viri
496 1450 621 1519 femina
632 1449 735 1518 limen
746 1455 855 1517 amat!

114 1669 232 1764 Templa
246 1672 416 1741 Pudicitiae
427 1671 510 1768 quid
524 1695 610 1765 opus
625 1673 781 1740 statuisse
793 1668 934 1764 puellis,
1060 1682 1092 1736 πᾶ

149 1783 176 1849 Si
187 1785 286 1850 cuivis
300 1765 416 1876 nuptae
423 1781 563 1894 'cuilibet
575 1805 649 1849 esse
660 1781 758 1849 licet?

80 2067 212 2146 birepetitio
222 2091 282 2150 post
292 2076 359 2131 illud
369 2078 487 2150 etfama
500 2091 545 2132 est.
590 2079 670 2148 igitur
688 2077 747 2148 ipso
774 2073 888 2129 disticho
911 2076 1013 2128 initium
1034 2091 1097 2151 ease,

79 2150 129 2205 liene
148 2153 210 2208 idem
234 2155 445 2209 Lachmannua:
472 2158 546 2208 ullis
588 2157 689 2209 factum
699 2155 781 2206 ruinte
791 2153 968 2221 censebimus,
976 2171 1034 2225 que
1042 2155 1095 2225 pri·

80 2228 137 2297 obn,
147 2247 172 2286 nt
183 2235 248 2288 hmo
261 2247 317 2302 est,
328 2237 397 2290 vitiis
412 2235 448 2287 ad
459 2235 547 2308 praelia
591 2256 661 2289 marn
679 2249 764 2290 totam
783 2234 893 2296 secundi
911 2233 972 2286 libri
990 2245 1094 2306 partem
1151 2293 1156 2303 ‚

79 2323 191 2366 vuum·
217 2315 364 2383 Caeterum,
385 2317 491 2388 inquit,
511 2328 547 2370 est
589 2317 743 2388 fragmentis
762 2327 905 2368 exstantem
924 2311 994 2366 sceda
1013 2315 1094 2366 muti-

79 2403 122 2458 pntt
136 2393 231 2446 brevem
246 2394 365 2448 vocalem
384 2395 413 2446 in
429 2408 546 2448 extremo
590 2394 643 2448 lam
653 2394 776 2448 ostendit.
790 2397 890 2446 Primus
902 2393 935 2445 de
947 2393 1048 2447 lacunis
1059 2395 1095 2446 is·
1173 2425 1175 2432 ν

79 2485 132 2520 turn
140 2471 222 2526 melius
233 2475 356 2544 ponitur,
366 2492 444 2546 quam
456 2474 544 2526 abeat:
590 2475 624 2526 tia
633 2473 818 2526 Lachmannus
833 2475 952 2539 monuit,
962 2491 1027 2544 quaa
1037 2473 1093 2526 sine

79 2547 225 2622 portlongam
233 2550 375 2625 syllabam,
389 2565 419 2604 nt
430 2550 547 2619 bic,ubi
591 2551 733 2618 (lodicibus
745 2553 860 2604 inventis
874 2550 1033 2624 quibusdum
1042 2569 1094 2602 no·

78 2621 216 2698 ieripoteet,
229 2632 364 2682 omittitur.
591 2631 630 2682 vis
645 2630 812 2682 temerarium
831 2632 880 2692 erit
894 2643 919 2682 et
936 2647 1095 2700 supervacn-
1122 2635 1127 2646 ¹

104 2721 135 2776 ¹7.
146 2709 236 2780 Aspero
249 2712 399 2776 Centauros,
413 2721 463 2762 etc.
480 2705 547 2762 Vide
591 2729 671 2762 neum
682 2724 805 2782 tangere:
818 2709 891 2781 apud
902 2723 1024 2776 ceteros,
1038 2727 1094 2781 que

77 2795 117 2833 tut.
127 2784 155 2836 ed
162 2787 223 2858 eleg.
237 2805 268 2854 a,
281 2806 307 2858 9.
316 2788 458 2859 -Aspera
471 2786 548 2838 caele-
592 2806 684 2842 seusus
696 2801 786 2862 aperte
796 2785 937 2858 disjungit,
948 2806 1003 2839 uuo
1012 2786 1096 2839 recol-

78 2859 261 2919 uunmnbus
279 2868 370 2937 figuris
390 2865 496 2938 poeula.
512 2895 548 2907 -·
591 2866 660 2920 lecta
679 2881 803 2920 contextu
824 2870 920 2939 scripta
943 2865 1094 2937 prodeunt3

25 2935 26 2976 3
78 2941 366 3000 tremescentem
376 2945 547 3000 exadversum
592 2945 639 3000 red
654 2945 688 2998 nb
703 2947 775 2996 omni
789 2957 908 3016 tempore
919 2943 1016 2996 criticis
1028 2944 1096 2996 infe-

76 3023 164 3089 petitu
591 3025 714 3077 licissime
728 3024 772 3075 lex'
785 3024 849 3089 fuit,
865 3035 894 3074 ut
908 3023 1016 3075 minima
1029 3041 1096 3094 pue·

77 3117 83 3129 ’
102 3102 136 3154 23.
153 3103 227 3158 Ulixi.
243 3105 310 3159 Vide
323 3105 356 3158 ad
370 3103 435 3175 eleg.
450 3122 483 3175 9,
506 3105 545 3157 13.
590 3104 675 3155 riliter
694 3115 839 3172 urgerent,
863 3103 945 3152 totius
966 3103 1094 3155 orationis

77 3203 101 3217 ··
109 3179 302 3258 &quecumque
313 3185 362 3238 viri
372 3184 453 3236 limen
465 3195 545 3236 amat.
591 3184 703 3235 formam
713 3184 754 3234 vix
763 3180 935 3251 dignarentur
943 3179 1094 3232 adtendere.

76 3255 159 3313 iuvere
174 3262 297 3329 domum,
315 3281 356 3315 ree
374 3265 401 3313 in
418 3261 547 3314 veteribus
591 3291 627 3300 —
648 3261 678 3313 Si
696 3260 776 3312 cuivis
794 3270 899 3330 nuptie,
923 3272 972 3310 etc.
991 3258 1096 3332 Ecquid

76 3334 157 3391 funis
168 3353 236 3394 tanto
245 3344 331 3414 pretio
345 3340 453 3404 habita,
465 3352 495 3391 ut
506 3337 548 3391 vel
592 3359 660 3411 opus
670 3340 773 3391 feminis
785 3351 843 3390 erat
851 3337 948 3408 temple
962 3335 1096 3390 Pudicitioe

75 3421 163 3471 flantia
171 3421 302 3474 accederet
309 3420 432 3490 elogium.
440 3421 549 3470 Testeu·
592 3431 742 3482 exstruere,
759 3419 781 3468 ti
797 3429 887 3486 nuptre
898 3429 1013 3486 possunt
1029 3435 1096 3488 pec·

25 3565 26 3570 ¹
76 3500 170 3551 uteru
180 3499 296 3572 lapidee,
313 3501 341 3552 iu
358 3497 453 3570 quibus
469 3499 549 3549 innn-
592 3515 652 3549 care
662 3495 1019 3570 quidlibethuptutnluiase
1029 3495 1097 3568 θμ-

25 3585 27 3622 t
76 3577 157 3628 uerit:
179 3596 269 3632 muare
293 3593 436 3644 sunvtrrr,
463 3593 547 3630 uentu
592 3577 673 3630 thiam
687 3594 718 3630 ex
732 3575 784 3628 boc
798 3593 852 3628 non
866 3575 1096 3640 interamnanam

25 3709 26 3712 ,
75 3665 204 3722 Νηρία.
266 3659 269 3662 ’
593 3657 670 3708 nimia
683 3657 772 3726 inepte
790 3655 941 3726 Propertius
954 3653 1096 3726 deceptum

25 3741 26 3770 ³
103 3731 138 3786 2⁵.
147 3735 250 3809 Templa
262 3735 415 3800 Pudicitia,
427 3746 477 3786 ete.
487 3734 549 3785 Non
593 3735 716 3786 meritum
729 3731 900 3802 exprobraret
912 3733 1003 3798 uxori,
1018 3751 1096 3803 quem

75 3812 155 3880 (φύν
165 3815 281 3868 versiculi
293 3815 348 3867 duo
358 3832 419 3865 cum
429 3814 550 3884 superio·
594 3825 619 3866 et
631 3814 688 3884 ipse
698 3813 830 3882 corrupit,
842 3822 868 3862 et
877 3811 983 3862 sibimet
992 3809 1096 3864 fidelem

76 3889 133 3945 ribus
142 3895 280 3950 coba-ent:
295 3898 322 3948 in
339 3907 446 3946 auctore
461 3907 548 3946 tamen
593 3904 684 3964 optat;
696 3893 791 3944 nubere
802 3889 862 3958 bic,
878 3905 908 3944 ut
920 3909 1001 3964 serpe,
1016 3891 1049 3944 de
1062 3891 1096 3944 il-

77 3985 151 4026 mttra
162 3978 252 4030 ferrem
260 3978 374 4048 junctim
385 3971 483 4040 editos,
497 3975 549 4026 nisi
592 3971 711 4041 legitimo
737 3989 826 4022 amore
854 3970 1094 4040 interpretabimur.
1129 3997 1139 4014 ·

77 4051 267 4126 matiangna,
278 4051 419 4107 manifesta
429 4069 475 4113 ea,
489 4069 549 4104 sen-
594 4050 645 4104 Sed
654 4049 726 4103 aliud
735 4064 783 4116 eet,
795 4049 866 4122 quod
877 4050 1016 4124 Cynthium
1026 4049 1096 4104 clere

78 4131 289 4210 “autumpnum
296 4131 445 4208 proderent.
452 4133 549 4186 tunae
594 4143 706 4184 testatur
714 4147 769 4182 non
781 4149 885 4202 semper
895 4129 1011 4184 celibem
1017 4131 1096 4184 vixis-
