2940 4974
383 515 476 578 run
498 513 657 579 runos
680 515 893 582 morsm.
1122 515 1163 583 ηε
1223 612 1225 614 ¹

134 663 202 724 squ,
211 659 304 722 quum
315 650 423 699 tamen
432 637 478 698 ibi
490 636 529 698 cle
539 637 602 699 elia
612 636 707 720 longe
718 639 914 723 expeditione
923 641 959 700 in
972 638 1104 701 Parthos
1113 660 1167 722 per

135 740 227 798 Gaium
236 756 334 799 sermo
347 736 405 796 ait:
419 734 490 795 vide
502 737 638 796 Macron.
651 737 715 797 Vit.
726 736 819 798 Ovid.
830 735 977 800 Chronol.

433 901 467 951 A.
479 900 513 952 U.
526 898 556 952 C.
570 899 618 970 731
632 920 639 962 ;
652 901 782 972 Propertii
795 900 839 954 30.
904 869 912 878 ⁸

272 981 360 1034 Caesar
370 980 508 1064 Angustus
519 979 572 1040 x1;
583 981 616 1032 A.
625 979 768 1034 Terentina
779 981 864 1032 Varro
875 979 1002 1033 Murena.

19 1137 20 1178 1
167 1116 203 1175 ld.
220 1113 356 1175 Marcelli
371 1133 476 1190 mora,
490 1113 526 1174 in
540 1112 799 1196 quampraeclara
814 1125 910 1178 exstat
926 1113 1024 1195 elogia
1040 1114 1170 1196 Proper·

136 1212 165 1272 tii
175 1214 226 1290 lll,
242 1214 286 1274 18.

167 1311 313 1392 Augustus
327 1322 475 1392 praeterea
489 1308 547 1370 sub
562 1307 659 1370 finem
676 1309 753 1370 anni
767 1311 906 1391 captivos
919 1323 950 1370 et
962 1309 1050 1391 signa
1063 1331 1082 1368 a
1095 1309 1171 1368 Par·

133 1407 182 1469 rbis'
196 1410 321 1492 repetit3
340 1405 427 1488 quod
442 1407 634 1490 postulatum
648 1407 673 1468 ai
687 1421 836 1489 negatum
854 1407 981 1484 firbaet,
996 1407 1116 1468 bellum
1135 1409 1169 1468 in

131 1505 245 1594 Parthos
263 1519 439 1590 susceptum
461 1507 499 1566 iri
519 1507 653 1590 euspicio
676 1519 741 1568 erat
762 1508 890 1582 Romae3
913 1507 992 1590 quin
1012 1508 1107 1568 etiarn
1132 1506 1171 1566 cle

129 1605 201 1668 ludis
214 1604 412 1688 subjiciendis
434 1605 525 1666 varie
535 1606 643 1667 Romae
659 1605 775 1686 agitata
792 1603 888 1666 fuisse
906 1603 1069 1688 probabile
1084 1602 1171 1664 vide·-
1205 1645 1213 1671 r

128 1718 186 1764 tor:
197 1705 236 1765 cl.
250 1706 312 1780 111,
324 1700 361 1779 d,
375 1715 406 1764 et
416 1702 487 1764 vide
499 1703 601 1786 lleyn.
613 1703 677 1764 vie
692 1701 802 1783 Virgil.
814 1701 846 1764 lr.
860 1725 887 1764 a.
901 1715 931 1764 et
946 1705 984 1764 U.
997 1704 1031 1764 C.
1044 1700 1104 1786 734
1115 1700 1171 1762 bu.

125 1801 246 1862 Videtur
258 1801 411 1862 nimirum
430 1800 461 1860 id
482 1800 601 1882 negotii
617 1799 727 1860 datum
747 1798 841 1860 fuisse
858 1797 937 1860 AElio
951 1798 1060 1876 Gallo,
1076 1798 1170 1881 pa'ulo

123 1913 186 1960 aute
208 1910 471 1971 commemorato,
492 1912 528 1958 ut
551 1895 628 1959 adeo
651 1895 759 1979 elegiae
783 1897 1011 1980 Propertium,
1035 1895 1173 1956 Parthici

123 1995 307 2058 mentionem
321 1993 397 2054 belli
409 1993 573 2070 facientes,
590 1993 630 2053 ad
649 1991 735 2054 hunc
754 2014 874 2054 annum
893 2006 925 2054 et
942 1991 1173 2056 antecedentem

123 2091 277 2153 Arabicam
300 2089 532 2174 expeditionem
550 2089 644 2152 simul
662 2087 831 2152 referende}
852 2091 1029 2152 videantur.
1046 2093 1172 2152 hesma

123 2192 197 2251 euim
218 2189 383 2264 Heinsius,
396 2188 436 2250 ad
456 2209 580 2250 carmen
594 2189 667 2250 libri
688 2189 790 2271 quarti
802 2191 947 2266 tertium,
960 2187 998 2250 de
1018 2191 1054 2250 C.
1069 2189 1172 2252 Cossio

125 2289 283 2370 hagino,
301 2286 402 2348 Crassi
418 2285 555 2369 insyria
571 2299 746 2368 questore,
763 2285 904 2370 adeoque
919 2288 954 2346 Δ.
971 2287 1010 2348 U.
1029 2307 1106 2368 712,
1119 2305 1173 2346 co·
1278 2369 1279 2372 Ἴ

126 2385 193 2463 gitat
210 2386 222 2462 (
231 2385 266 2443 in
281 2381 404 2444 Advers.
419 2383 450 2457 l,
466 2403 499 2457 a,
513 2402 585 2465 pag.
602 2383 664 2462 12).
1210 2379 1216 2394 '

158 2481 243 2560 Quin
261 2477 313 2540 hic
327 2481 393 2562 ipse
406 2499 509 2540 annus
528 2478 607 2540 mihi
620 2477 745 2540 videtur
765 2479 835 2556 ille,
849 2499 915 2561 quo
933 2479 1115 2560 Propertius
1136 2478 1172 2538 lr-
1228 2543 1230 2548 ,

126 2579 209 2640 brom
229 2577 403 2640 seeundum
422 2590 453 2638 et
472 2578 601 2658 tertium¹
622 2577 793 2660 elegiarum
814 2597 942 2638 suarum
960 2575 1080 2660 publici
1095 2575 1174 2659 juris

127 2677 203 2754 lecit3
217 2693 254 2740 ut
267 2676 347 2739 adeo
361 2676 396 2738 hi
410 2689 470 2737 tres
486 2675 656 2758 elegiarum
673 2677 747 2738 libri
761 2675 959 2758 intelligendi
975 2675 1055 2752 sint,
1074 2697 1173 2758 quum
1249 2677 1253 2684 '
1297 2739 1300 2747 ,

128 2777 256 2856 poetali,
271 2776 326 2849 13,
341 2773 403 2863 ²51*
412 2773 514 2834 canit:

304 2915 344 2962 Sat
353 2931 405 2962 mea
413 2927 541 2978 cermagna
550 2927 584 2963 ert
593 2916 612 2962 ai
622 2925 666 2962 trec
676 2918 722 2966 tint
730 2931 816 2980 pompa
827 2915 898 2963 libelli
903 2951 911 2971 ,

337 2989 403 3049 Quor
411 3003 455 3050 ego
464 2987 620 3052 Percepbonae
628 2989 727 3036 maxima
736 2989 798 3035 dona
806 2987 890 3036 leram.

126 3109 223 3192 licque
235 3111 322 3174 enim
338 3109 440 3194 plures
454 3108 585 3174 fortasse
595 3111 695 3174 libros
706 3113 795 3174 edere
808 3114 1022 3191 constituerat,
1037 3127 1069 3176 et
1082 3135 1175 3196 quar-

126 3221 169 3267 tru
186 3207 303 3270 deinde
318 3219 390 3290 post
408 3205 473 3289 ejus
487 3221 617 3269 mortem
636 3205 676 3268 ab
694 3208 794 3270 amico
815 3207 953 3290 quodam
971 3210 1100 3292 reliquis
1118 3211 1174 3272 ad-

124 3303 212 3385 jectus
230 3307 304 3368 fuit.
323 3306 464 3385 Accedit,
486 3305 573 3389 quod
596 3309 737 3390 quinque
757 3307 912 3369 servitutis
933 3309 1010 3370 anni
1031 3307 1176 3393 Cynthiae

126 3405 263 3482 prestita
283 3403 365 3484 (lli,
386 3401 440 3479 25,
459 3403 494 3484 3)
504 3402 572 3486 jam
586 3405 620 3466 l.
640 3406 678 3465 U.
700 3407 758 3489 7²⁸
775 3407 870 3468 finem
884 3427 977 3468 auum
992 3409 1184 3491 consequuti.

125 3498 250 3562 ineram.
265 3499 397 3578 Quodsi
409 3501 479 3582 quis
493 3523 530 3563 ex
550 3523 601 3564 me
615 3515 751 3588 quaerat,
773 3525 830 3564 cur
841 3525 877 3565 ea
897 3506 965 3586 ipsa
978 3503 1077 3586 elegia
1094 3504 1175 3566 libro

124 3597 250 3659 muodo
265 3596 405 3680 legetur,
426 3619 528 3682 neque
542 3599 671 3662 demum
686 3601 800 3677 tertio,
817 3599 917 3662 facilia
935 3611 981 3662 eat
998 3603 1174 3685 responsio:

19 3749 21 3772 ,
125 3697 267 3778 quoniam
277 3697 431 3758 nimirum
445 3717 546 3780 neque
557 3698 865 3781 Propertiua,ncque
876 3699 1024 3760 Horatius
1035 3700 1176 3760 carmine

19 3807 20 3876 ξ
125 3811 175 3851 roa
195 3790 306 3853 ordine
326 3789 549 3874 chronologico
568 3795 738 3876 composita
756 3793 938 3869 ediderunt,
958 3793 1011 3856 aed
1030 3793 1083 3892 ille
1100 3813 1177 3878 pro·

126 3891 235 3952 misene
252 3887 387 3973 conjecit
406 3889 440 3950 in
458 3890 529 3952 illoa
549 3889 626 3952 dnos
652 3891 749 3954 libros
773 3891 931 3976 quidquid
944 3893 1114 3977 elegiarum
1136 3893 1177 3954 ad

127 4009 250 4053 manum
268 4005 349 4066 erat,
369 3991 459 4052 sicuti
473 3993 620 4054 Horatius
634 3991 711 4054 odae
728 3993 803 4053 libri
816 3992 873 4082 let
890 3995 920 4055 ll
928 4041 937 4070 ‚
955 4015 1023 4056 uno
1035 4006 1176 4077 tempore

127 4087 313 4170 conjunctim
325 4089 402 4151 editi
410 4120 427 4166 ,·
435 4091 613 4174 promiscue
629 4091 805 4168 ordinarit,
821 4095 867 4154 uti
879 4091 947 4176 jam
965 4105 1077 4154 contre
1092 4093 1176 4152 lien·

128 4185 225 4251 tleium
238 4191 423 4252 monuimus
440 4191 473 4250 in
490 4192 558 4252 Dcn
574 4187 774 4274 Vorlesunqen
792 4194 864 4252 iiber
874 4193 970 4274 einiqe
986 4188 1110 4273 Eleqien
1127 4188 1177 4250 des
