2940 4974
269 441 288 504 8
587 436 849 502 PROPERTll
872 437 981 502 VITA

265 562 442 646 gnoscimus
457 564 491 624 in
507 560 636 622 Umbria
648 562 739 622 eitum
752 559 844 621 fuisse
855 560 988 644 patriani
1002 559 1066 642 ejus
1079 579 1183 636 oram,
1198 572 1228 620 et
1241 563 1316 642 qui·

266 659 337 721 dem
348 657 403 720 ubi
416 655 553 720 miniosa
567 679 639 720 cauo
657 671 735 719 rorat
745 659 886 718 Mevania
903 677 1019 738 campo.
1042 658 1117 717 Hac
1139 657 1223 716 euim
1239 671 1318 717 sunt

265 755 361 850 rerba
377 754 532 836 Astrologi
551 754 588 814 ed
609 755 823 854 Propertium:

455 895 550 942 Umbria
558 905 581 942 te
591 895 653 941 notit
663 897 759 958 antiqua
768 893 891 942 Penatibus
901 893 957 941 edit.

483 967 638 1014 llendoriun
647 968 728 1029 petrice
737 967 887 1028 ungiturore
898 969 959 1013 tue?

453 1039 503 1098 Qua
515 1037 626 1084 nebulosa
635 1052 694 1084 cavo
705 1049 768 1084 rorat
777 1037 884 1084 namus
895 1052 991 1100 campo,

480 1111 509 1154 Et
520 1106 584 1153 lacus
595 1107 677 1153 estivis
685 1106 773 1167 intepet
783 1105 872 1152 Umber
879 1107 959 1169 aquis,

452 1177 629 1240 scandentisque
638 1178 697 1222 amis
707 1177 824 1236 consurgit
832 1177 919 1230 vertice
927 1188 1021 1228 murus,

485 1249 567 1294 ltlnrm
576 1247 709 1309 ebiugcnio
717 1247 795 1294 notior
803 1244 843 1292 ille
853 1256 902 1291 tuo.

266 1363 340 1424 ttae
351 1363 456 1424 omnis
469 1361 493 1422 si
504 1375 584 1422 recte
595 1360 785 1443 pensitamus
796 1359 881 1432 loca,
893 1361 995 1441 patris
1010 1359 1163 1441 Propertii
1175 1377 1241 1418 non
1254 1361 1318 1418 erit

268 1461 409 1520 Mevania
419 1461 496 1540 ipsa,
508 1477 578 1540 quoe
588 1472 632 1518 est
642 1457 863 1540 plurimorum,
874 1470 905 1516 et
915 1459 949 1516 in
959 1455 1008 1516 his
1018 1477 1143 1538 quoque
1151 1455 1317 1516 Broulrhu·

248 1601 250 1604 -
265 1557 302 1618 sii
313 1557 438 1638 opinio,
449 1555 500 1617 sed
512 1556 616 1638 potius
625 1557 700 1616 urbs
712 1555 746 1614 in
755 1556 868 1615 vicinia
878 1555 1025 1616 Mevaniae
1035 1556 1093 1614 sita
1103 1554 1206 1636 (quod
1218 1575 1318 1636 agno-

265 1657 310 1714 vit
333 1654 426 1714 mam
446 1651 520 1713 Chr.
543 1653 637 1714 Henr.
659 1651 832 1714 Schmidius
850 1651 889 1712 ad
912 1653 1013 1713 Crusii
1032 1653 1095 1711 vit.
1117 1665 1199 1734 poet.
1222 1653 1316 1713 Rom.

266 1764 343 1810 tom.
358 1749 390 1825 l,
404 1771 474 1832 pag.
492 1769 564 1824 too,
578 1771 611 1810 n.
624 1752 676 1830 o),
696 1769 758 1831 qua
773 1763 862 1832 perte
876 1748 959 1810 lacus
972 1747 1088 1810 Umber
1102 1749 1214 1809 motivis
1227 1751 1319 1831 aquis

267 1847 392 1928 intepet.
405 1845 542 1922 Accedit,
562 1844 647 1927 quod
661 1845 805 1905 Mevania
819 1845 893 1906 urbs
909 1845 942 1905 iu
957 1845 1086 1928 planitie
1097 1845 1156 1905 sita
1173 1859 1232 1921 est,
1247 1866 1317 1905 non
1361 1877 1363 1884 ·

268 1962 359 2016 vero,
385 1955 420 2002 ut
444 1942 599 2024 Propertii
620 1938 741 2022 ps'tria,
762 1942 794 2000 in
817 1940 904 2001 colle.
929 1941 1034 2023 Neque
1054 1962 1127 2002 vero
1150 1941 1217 2024 ipsa
1240 1939 1317 2000 urbs

269 2058 370 2098 rorare
390 2035 524 2111 dicitur,
544 2035 597 2096 sed
621 2039 761 2096 Mevania
784 2034 920 2096 nebulosa
941 2057 1013 2097 cauo
1031 2057 1151 2118 campo,
1179 2050 1214 2098 ut
1236 2035 1315 2097 adeo

268 2135 411 2196 Memmia
424 2133 455 2194 h.
470 2135 491 2194 l.
510 2147 614 2195 totum
633 2153 743 2214 agrum
760 2132 925 2214 significet,
940 2154 1007 2195 non
1021 2133 1141 2194 urbem.

308 2233 364 2293 Sed
378 2252 478 2312 neque
491 2233 625 2306 Ameria,
640 2251 710 2312 quae
722 2231 863 2312 Scaligeri
878 2233 1028 2292 sententia
1039 2245 1100 2308 est,
1116 2231 1317 2310 intelligenda

269 2345 322 2390 ost.
336 2329 477 2411 Namque
491 2327 544 2389 ille
563 2327 637 2388 urbs
649 2341 732 2388 extra
747 2327 859 2388 vallem
876 2327 1064 2410 Spoletinum
1075 2331 1132 2390 sita
1151 2345 1196 2391 est
1215 2351 1317 2412 neque

268 2427 421 2487 Mevaniae
432 2427 591 2508 proxima,
603 2425 655 2486 sed
668 2426 706 2486 30
719 2447 816 2509 prope
825 2447 976 2509 passuum
984 2427 1121 2487 millibus
1133 2413 1172 2488 ab
1184 2447 1237 2505 ea,
1249 2428 1318 2488 lon-

270 2525 401 2607 giusque
413 2545 432 2584 a
441 2525 575 2586 Perusioe
587 2522 704 2586 finibus
715 2521 812 2584 abest.

309 2621 426 2682 Eadem
439 2621 518 2681 ratio
532 2619 667 2682 excludit
687 2639 812 2702 quoque
826 2623 987 2697 Acrisium,
1003 2645 1023 2703 9
1040 2625 1159 2684 circiter
1176 2623 1317 2685 millibus

271 2739 417 2800 passuum
430 2739 449 2777 a
460 2719 604 2778 Mevania
616 2730 790 2792 remotnm3
809 2717 879 2778 licet
891 2718 1075 2781 Maittairius
1090 2721 1124 2780 in
1142 2719 1215 2780 edit.
1231 2723 1320 2783 Lon-

270 2815 335 2874 diu.
348 2827 419 2897 post
428 2814 607 2874 Mevaniam
618 2811 679 2874 hoc
691 2814 844 2896 oppidum
857 2818 1014 2876 nominet:
1027 2817 1157 2892 accedit,
1169 2816 1255 2900 quod
1265 2813 1319 2879 hio

268 2931 395 2993 qnoque
407 2909 522 2971 frustm
533 2909 617 2971 lacus
631 2911 746 2970 Umber
759 2925 923 2992 queratur.

309 3009 507 3092 Relinquitur
525 3022 560 3070 ut
582 3028 752 3070 ereremum
773 3009 972 3071 adsumamus
990 3012 1143 3094 Propertii
1164 3013 1318 3096 patriam,

270 3107 359 3188 eique
372 3107 471 3167 civem
482 3105 567 3167 hunc
579 3104 774 3181 addicamus,
790 3107 861 3188 qui,
875 3105 945 3168 licet
958 3109 1063 3168 minor
1076 3109 1115 3168 sit
1128 3129 1244 3192 magno
1255 3110 1319 3171 Ho-

270 3224 356 3264 mero
371 3216 425 3266 aut
435 3207 583 3280 Marone,
599 3204 679 3264 inter
694 3202 845 3286 elegiacos
856 3216 961 3263 tamen
970 3219 1077 3287 poetes
1088 3226 1156 3266 non
1168 3205 1317 3266 ultimum

268 3299 373 3362 locum
383 3301 517 3377 obtinet,
530 3302 663 3382 satisque
673 3301 791 3364 decoris
800 3299 895 3362 habet
906 3299 944 3362 ad
958 3303 1091 3385 patriam
1102 3323 1191 3362 suam
1203 3324 1319 3366 ornan-

269 3398 352 3459 dam.
373 3399 546 3482 Hispellum
566 3419 696 3482 nempe,
716 3421 789 3460 cum
802 3420 878 3482 agro
895 3420 971 3476 auo,
987 3403 1021 3460 in
1041 3399 1121 3462 valle
1141 3399 1317 3484 Spoletina,

270 3497 358 3557 unice
372 3497 467 3559 situm
480 3496 571 3558 illum
584 3496 696 3572 habet,
708 3518 804 3580 quem
823 3498 1001 3582 Propertius
1020 3497 1053 3560 ll.
1071 3520 1115 3560 cc.
1134 3498 1316 3580 designavit.

270 3593 411 3675 Namque
425 3591 491 3676 ejus
505 3617 621 3670 mmm,
635 3597 724 3656 sicuti
740 3595 888 3658 Donuola
903 3617 940 3656 ex
953 3595 1071 3658 oculari
1089 3595 1195 3658 docuit
1212 3597 1317 3680 inspe-

268 3691 388 3767 ctione,
399 3691 519 3754 aoolivis
532 3707 595 3769 est,
618 3707 699 3753 etex
716 3693 782 3754 imo
796 3693 991 3754 advertissem
1007 3697 1160 3776 consumit.
1177 3692 1316 3754 Verbum

267 3783 350 3848 enim
363 3789 516 3864 scandere,
532 3811 595 3872 quo
619 3788 799 3874 Propertius
822 3791 935 3867 utitur,
950 3803 1010 3865 est,
1032 3791 1202 3874 pedetentim
1221 3803 1249 3851 et
1265 3811 1319 3872 per

266 3885 389 3948 diuersos
398 3885 505 3970 pindus
515 3909 574 3950 sese
582 3886 733 3966 adtollere,
747 3889 833 3972 quod
846 3887 882 3949 fit
893 3889 926 3950 iu
938 3887 1016 3950 urbs
1029 3887 1068 3948 ad
1079 3889 1197 3949 clivum
1208 3907 1315 3968 quem-

266 3981 337 4042 tlem
358 3981 505 4044 reclinato
524 3985 584 4044 situ
601 3986 710 4066 positu.
732 3986 813 4044 Tum
836 3984 917 4046 taam
936 3986 1000 4066 ipse
1023 3983 1129 4046 Umber
1145 3995 1249 4064 aperte
1270 3996 1315 4042 est
