<?xml version="1.0" encoding="UTF-8"?>
<!DOCTYPE html PUBLIC "-//W3C//DTD XHTML 1.0 Transitional//EN"
    "http://www.w3.org/TR/xhtml1/DTD/xhtml1-transitional.dtd">
<html xmlns="http://www.w3.org/1999/xhtml" xml:lang="en" lang="en">
 <head>
  <title>
</title>
<meta http-equiv="Content-Type" content="text/html;charset=utf-8" />
  <meta name='ocr-system' content='tesseract 3.04.00' />
  <meta name='ocr-capabilities' content='ocr_page ocr_carea ocr_par ocr_line ocrx_word'/>
</head>
<body>
  <div class='ocr_page' id='page_1' title='image "./sextiaureliipro00goog_0139.png"; bbox 0 0 2870 4968; ppageno 0'>
   <div class='ocr_carea' id='block_1_1' title="bbox 83 519 1098 564">
    <p class='ocr_par' dir='ltr' id='par_1_1' title="bbox 83 519 1098 564">
     <span class='ocr_line' id='line_1_1' title="bbox 83 519 1098 564; baseline 0.001 -8"><span class='ocrx_word' id='word_1_1' title='bbox 83 519 1098 564; x_wconf 44' lang='lat' dir='ltr'><strong>mmm—w</strong></span> 
     </span>
    </p>
   </div>
   <div class='ocr_carea' id='block_1_2' title="bbox 361 689 785 970">
    <p class='ocr_par' dir='ltr' id='par_1_2' title="bbox 361 689 785 970">
     <span class='ocr_line' id='line_1_2' title="bbox 361 689 785 790; baseline 0.009 -4"><span class='ocrx_word' id='word_1_2' title='bbox 361 689 613 788; x_wconf 85' lang='lat' dir='ltr'><strong>ELEGIA</strong></span> <span class='ocrx_word' id='word_1_3' title='bbox 648 691 785 790; x_wconf 86' lang='lat' dir='ltr'><strong>XIX.</strong></span> 
     </span>
     <span class='ocr_line' id='line_1_3' title="bbox 391 901 749 970; baseline 0.003 -2"><span class='ocrx_word' id='word_1_4' title='bbox 391 903 455 969; x_wconf 79' lang='lat' dir='ltr'><strong>so</strong></span> <span class='ocrx_word' id='word_1_5' title='bbox 477 901 749 970; x_wconf 76' lang='lat' dir='ltr'><strong>urrunnu.</strong></span> 
     </span>
    </p>
   </div>
   <div class='ocr_carea' id='block_1_3' title="bbox 456 1299 687 1342">
    <p class='ocr_par' dir='ltr' id='par_1_3' title="bbox 456 1299 687 1342">
     <span class='ocr_line' id='line_1_4' title="bbox 456 1299 687 1342; baseline 0 -2"><span class='ocrx_word' id='word_1_6' title='bbox 456 1299 687 1342; x_wconf 68' lang='lat' dir='ltr'><strong>senonum·</strong></span> 
     </span>
    </p>
   </div>
   <div class='ocr_carea' id='block_1_4' title="bbox 24 1408 1165 2471">
    <p class='ocr_par' dir='ltr' id='par_1_4' title="bbox 24 1408 1099 1691">
     <span class='ocr_line' id='line_1_5' title="bbox 24 1408 1099 1496; baseline 0.003 -23"><span class='ocrx_word' id='word_1_7' title='bbox 24 1417 25 1440; x_wconf 79' lang='lat'>³</span> <span class='ocrx_word' id='word_1_8' title='bbox 105 1411 272 1495; x_wconf 77' lang='lat' dir='ltr'><strong>Supremam</strong></span> <span class='ocrx_word' id='word_1_9' title='bbox 291 1409 377 1472; x_wconf 86' lang='lat' dir='ltr'><strong>diem</strong></span> <span class='ocrx_word' id='word_1_10' title='bbox 392 1420 587 1492; x_wconf 71' lang='lat' dir='ltr'><strong>amparet,</strong></span> <span class='ocrx_word' id='word_1_11' title='bbox 607 1429 665 1470; x_wconf 87' lang='lat' dir='ltr'><strong>neo</strong></span> <span class='ocrx_word' id='word_1_12' title='bbox 687 1408 773 1470; x_wconf 86' lang='lat' dir='ltr'><strong>adire</strong></span> <span class='ocrx_word' id='word_1_13' title='bbox 793 1410 895 1472; x_wconf 82' lang='lat' dir='ltr'><strong>teniat</strong></span> <span class='ocrx_word' id='word_1_14' title='bbox 920 1413 1099 1496; x_wconf 78' lang='lat' dir='ltr'><strong>Propertius</strong></span> 
     </span>
     <span class='ocr_line' id='line_1_6' title="bbox 77 1509 1098 1592; baseline 0.003 -20"><span class='ocrx_word' id='word_1_15' title='bbox 77 1510 162 1572; x_wconf 82' lang='lat' dir='ltr'><strong>llanes</strong></span> <span class='ocrx_word' id='word_1_16' title='bbox 176 1534 184 1571; x_wconf 76' lang='grc' dir='ltr'><strong>ι</strong></span> <span class='ocrx_word' id='word_1_17' title='bbox 201 1511 252 1572; x_wconf 88' lang='lat' dir='ltr'><strong>sed</strong></span> <span class='ocrx_word' id='word_1_18' title='bbox 272 1523 416 1570; x_wconf 87' lang='lat' dir='ltr'><strong>mortuus</strong></span> <span class='ocrx_word' id='word_1_19' title='bbox 427 1529 467 1570; x_wconf 89' lang='lat' dir='ltr'><strong>ne</strong></span> <span class='ocrx_word' id='word_1_20' title='bbox 480 1521 583 1570; x_wconf 83' lang='lat' dir='ltr'><strong>careat</strong></span> <span class='ocrx_word' id='word_1_21' title='bbox 596 1531 703 1572; x_wconf 88' lang='lat' dir='ltr'><strong>amore</strong></span> <span class='ocrx_word' id='word_1_22' title='bbox 714 1509 827 1592; x_wconf 75' lang='lat' dir='ltr'><strong>puellae</strong></span> <span class='ocrx_word' id='word_1_23' title='bbox 840 1532 918 1588; x_wconf 71' lang='lat' dir='ltr'><strong>sues,</strong></span> <span class='ocrx_word' id='word_1_24' title='bbox 930 1535 993 1575; x_wconf 86' lang='lat' dir='ltr'><strong>esse</strong></span> <span class='ocrx_word' id='word_1_25' title='bbox 1004 1517 1098 1576; x_wconf 88' lang='lat' dir='ltr'><strong>timo-</strong></span> 
     </span>
     <span class='ocr_line' id='line_1_7' title="bbox 77 1606 1099 1691; baseline 0.005 -23"><span class='ocrx_word' id='word_1_26' title='bbox 77 1606 208 1668; x_wconf 84' lang='lat' dir='ltr'><strong>remhunc</strong></span> <span class='ocrx_word' id='word_1_27' title='bbox 218 1607 378 1668; x_wconf 86' lang='lat' dir='ltr'><strong>duriorem</strong></span> <span class='ocrx_word' id='word_1_28' title='bbox 389 1606 635 1667; x_wconf 79' lang='lat' dir='ltr'><strong>mortesecerte</strong></span> <span class='ocrx_word' id='word_1_29' title='bbox 644 1627 818 1688; x_wconf 87' lang='lat' dir='ltr'><strong>numquam</strong></span> <span class='ocrx_word' id='word_1_30' title='bbox 828 1608 877 1668; x_wconf 86' lang='lat' dir='ltr'><strong>vel</strong></span> <span class='ocrx_word' id='word_1_31' title='bbox 887 1609 971 1691; x_wconf 84' lang='lat' dir='ltr'><strong>apud</strong></span> <span class='ocrx_word' id='word_1_32' title='bbox 981 1611 1099 1673; x_wconf 86' lang='lat' dir='ltr'><strong>inferos</strong></span> 
     </span>
    </p>

    <p class='ocr_par' dir='ltr' id='par_1_5' title="bbox 24 1703 1165 2471">
     <span class='ocr_line' id='line_1_8' title="bbox 76 1703 1165 1788; baseline 0.005 -26"><span class='ocrx_word' id='word_1_33' title='bbox 76 1706 166 1764; x_wconf 83' lang='lat' dir='ltr'><strong>murari</strong></span> <span class='ocrx_word' id='word_1_34' title='bbox 181 1726 285 1788; x_wconf 79' lang='lat' dir='ltr'><strong>posse:</strong></span> <span class='ocrx_word' id='word_1_35' title='bbox 300 1705 382 1778; x_wconf 86' lang='lat' dir='ltr'><strong>illio,</strong></span> <span class='ocrx_word' id='word_1_36' title='bbox 399 1703 550 1784; x_wconf 88' lang='lat' dir='ltr'><strong>quidquid</strong></span> <span class='ocrx_word' id='word_1_37' title='bbox 567 1703 640 1779; x_wconf 88' lang='lat' dir='ltr'><strong>erit,</strong></span> <span class='ocrx_word' id='word_1_38' title='bbox 659 1723 779 1785; x_wconf 87' lang='lat' dir='ltr'><strong>semper</strong></span> <span class='ocrx_word' id='word_1_39' title='bbox 796 1703 956 1766; x_wconf 88' lang='lat' dir='ltr'><strong>addictum</strong></span> <span class='ocrx_word' id='word_1_40' title='bbox 972 1727 1101 1768; x_wconf 88' lang='lat' dir='ltr'><strong>mansu·</strong></span> <span class='ocrx_word' id='word_1_41' title='bbox 1159 1721 1165 1731; x_wconf 96' lang='grc'><strong><em>’</em></strong></span> 
     </span>
     <span class='ocr_line' id='line_1_9' title="bbox 24 1787 1099 1884; baseline 0.005 -24"><span class='ocrx_word' id='word_1_42' title='bbox 24 1787 25 1810; x_wconf 67' lang='lat'>³</span> <span class='ocrx_word' id='word_1_43' title='bbox 75 1817 128 1860; x_wconf 82' lang='lat' dir='ltr'><strong>mm</strong></span> <span class='ocrx_word' id='word_1_44' title='bbox 145 1799 297 1884; x_wconf 56' lang='lat' dir='ltr'><strong>epotum</strong></span> <span class='ocrx_word' id='word_1_45' title='bbox 324 1801 388 1860; x_wconf 89' lang='lat' dir='ltr'><strong>illic</strong></span> <span class='ocrx_word' id='word_1_46' title='bbox 408 1799 552 1860; x_wconf 75' lang='lat' dir='ltr'><strong>formosae</strong></span> <span class='ocrx_word' id='word_1_47' title='bbox 571 1812 728 1880; x_wconf 89' lang='lat' dir='ltr'><strong>quotquot</strong></span> <span class='ocrx_word' id='word_1_48' title='bbox 751 1801 831 1875; x_wconf 85' lang='lat' dir='ltr'><strong>sint,</strong></span> <span class='ocrx_word' id='word_1_49' title='bbox 858 1800 1044 1882; x_wconf 75' lang='lat' dir='ltr'><strong>posthabere</strong></span> <span class='ocrx_word' id='word_1_50' title='bbox 1066 1825 1099 1865; x_wconf 89' lang='lat' dir='ltr'><strong>se</strong></span> 
     </span>
     <span class='ocr_line' id='line_1_10' title="bbox 75 1897 1098 1982; baseline 0.007 -26"><span class='ocrx_word' id='word_1_51' title='bbox 75 1897 171 1958; x_wconf 84' lang='lat' dir='ltr'><strong>nullam</strong></span> <span class='ocrx_word' id='word_1_52' title='bbox 184 1919 249 1959; x_wconf 88' lang='lat' dir='ltr'><strong>non</strong></span> <span class='ocrx_word' id='word_1_53' title='bbox 262 1898 342 1960; x_wconf 86' lang='lat' dir='ltr'><strong>velle</strong></span> <span class='ocrx_word' id='word_1_54' title='bbox 354 1897 506 1982; x_wconf 77' lang='lat' dir='ltr'><strong>Cynthiae.</strong></span> <span class='ocrx_word' id='word_1_55' title='bbox 519 1899 586 1959; x_wconf 87' lang='lat' dir='ltr'><strong>Hoc</strong></span> <span class='ocrx_word' id='word_1_56' title='bbox 597 1899 719 1959; x_wconf 85' lang='lat' dir='ltr'><strong>utinam</strong></span> <span class='ocrx_word' id='word_1_57' title='bbox 732 1897 788 1958; x_wconf 81' lang='lat' dir='ltr'><strong>illa</strong></span> <span class='ocrx_word' id='word_1_58' title='bbox 803 1899 901 1959; x_wconf 85' lang='lat' dir='ltr'><strong>discat</strong></span> <span class='ocrx_word' id='word_1_59' title='bbox 915 1921 952 1960; x_wconf 81' lang='lat' dir='ltr'><strong>ex</strong></span> <span class='ocrx_word' id='word_1_60' title='bbox 965 1904 1098 1980; x_wconf 86' lang='lat' dir='ltr'><strong>ementis</strong></span> 
     </span>
     <span class='ocr_line' id='line_1_11' title="bbox 75 1993 1098 2078; baseline 0.005 -24"><span class='ocrx_word' id='word_1_61' title='bbox 75 2013 149 2074; x_wconf 80' lang='lat' dir='ltr'><strong>rogo,</strong></span> <span class='ocrx_word' id='word_1_62' title='bbox 162 2007 251 2078; x_wconf 88' lang='lat' dir='ltr'><strong>etque</strong></span> <span class='ocrx_word' id='word_1_63' title='bbox 266 1997 300 2056; x_wconf 90' lang='lat' dir='ltr'><strong>iu</strong></span> <span class='ocrx_word' id='word_1_64' title='bbox 313 1994 378 2078; x_wconf 81' lang='lat' dir='ltr'><strong>ejus</strong></span> <span class='ocrx_word' id='word_1_65' title='bbox 392 1997 461 2078; x_wconf 91' lang='lat' dir='ltr'><strong>ipso</strong></span> <span class='ocrx_word' id='word_1_66' title='bbox 478 1993 605 2078; x_wconf 83' lang='lat' dir='ltr'><strong>pulvere</strong></span> <span class='ocrx_word' id='word_1_67' title='bbox 616 1996 745 2056; x_wconf 86' lang='lat' dir='ltr'><strong>sentiat!</strong></span> <span class='ocrx_word' id='word_1_68' title='bbox 758 2009 846 2077; x_wconf 83' lang='lat' dir='ltr'><strong>grato</strong></span> <span class='ocrx_word' id='word_1_69' title='bbox 860 2017 893 2056; x_wconf 85' lang='lat' dir='ltr'><strong>se</strong></span> <span class='ocrx_word' id='word_1_70' title='bbox 906 2013 990 2078; x_wconf 74' lang='lat' dir='ltr'><strong>geret</strong></span> <span class='ocrx_word' id='word_1_71' title='bbox 1003 1997 1098 2059; x_wconf 84' lang='lat' dir='ltr'><strong>fidam</strong></span> 
     </span>
     <span class='ocr_line' id='line_1_12' title="bbox 24 2093 1098 2176; baseline 0.003 -23"><span class='ocrx_word' id='word_1_72' title='bbox 24 2169 25 2174; x_wconf 8' lang='grc' dir='ltr'>η</span> <span class='ocrx_word' id='word_1_73' title='bbox 75 2107 186 2172; x_wconf 75' lang='lat' dir='ltr'><strong>pectore,</strong></span> <span class='ocrx_word' id='word_1_74' title='bbox 201 2096 251 2154; x_wconf 86' lang='lat' dir='ltr'><strong>cui</strong></span> <span class='ocrx_word' id='word_1_75' title='bbox 267 2105 333 2154; x_wconf 85' lang='lat' dir='ltr'><strong>tam</strong></span> <span class='ocrx_word' id='word_1_76' title='bbox 346 2106 523 2154; x_wconf 80' lang='lat' dir='ltr'><strong>constanter</strong></span> <span class='ocrx_word' id='word_1_77' title='bbox 536 2094 634 2154; x_wconf 85' lang='lat' dir='ltr'><strong>amari</strong></span> <span class='ocrx_word' id='word_1_78' title='bbox 649 2114 680 2154; x_wconf 90' lang='lat' dir='ltr'><strong>se</strong></span> <span class='ocrx_word' id='word_1_79' title='bbox 694 2093 775 2154; x_wconf 91' lang='lat' dir='ltr'><strong>sciet.</strong></span> <span class='ocrx_word' id='word_1_80' title='bbox 789 2093 989 2176; x_wconf 81' lang='lat' dir='ltr'><strong>Quamquam</strong></span> <span class='ocrx_word' id='word_1_81' title='bbox 1006 2098 1098 2158; x_wconf 84' lang='lat' dir='ltr'><strong>etiarn</strong></span> 
     </span>
     <span class='ocr_line' id='line_1_13' title="bbox 24 2175 1100 2276; baseline 0.009 -31"><span class='ocrx_word' id='word_1_82' title='bbox 24 2175 25 2178; x_wconf 25' lang='lat'>¹</span> <span class='ocrx_word' id='word_1_83' title='bbox 74 2184 175 2252; x_wconf 77' lang='lat' dir='ltr'><strong>lomsse</strong></span> <span class='ocrx_word' id='word_1_84' title='bbox 187 2191 267 2252; x_wconf 85' lang='lat' dir='ltr'><strong>dura</strong></span> <span class='ocrx_word' id='word_1_85' title='bbox 277 2204 347 2252; x_wconf 90' lang='lat' dir='ltr'><strong>turn</strong></span> <span class='ocrx_word' id='word_1_86' title='bbox 357 2188 441 2271; x_wconf 84' lang='lat' dir='ltr'><strong>jussa</strong></span> <span class='ocrx_word' id='word_1_87' title='bbox 455 2191 597 2266; x_wconf 84' lang='lat' dir='ltr'><strong>venient,</strong></span> <span class='ocrx_word' id='word_1_88' title='bbox 611 2211 681 2272; x_wconf 78' lang='lat' dir='ltr'><strong>quoe</strong></span> <span class='ocrx_word' id='word_1_89' title='bbox 695 2191 784 2272; x_wconf 89' lang='lat' dir='ltr'><strong>pium</strong></span> <span class='ocrx_word' id='word_1_90' title='bbox 795 2190 951 2269; x_wconf 87' lang='lat' dir='ltr'><strong>dolorem,</strong></span> <span class='ocrx_word' id='word_1_91' title='bbox 965 2214 1034 2276; x_wconf 83' lang='lat' dir='ltr'><strong>quae</strong></span> <span class='ocrx_word' id='word_1_92' title='bbox 1047 2193 1100 2255; x_wconf 83' lang='lat' dir='ltr'><strong>lle·</strong></span> 
     </span>
     <span class='ocr_line' id='line_1_14' title="bbox 75 2286 1098 2369; baseline 0.008 -25"><span class='ocrx_word' id='word_1_93' title='bbox 75 2295 110 2344; x_wconf 79' lang='lat' dir='ltr'><strong>ue</strong></span> <span class='ocrx_word' id='word_1_94' title='bbox 120 2307 260 2350; x_wconf 87' lang='lat' dir='ltr'><strong>memores</strong></span> <span class='ocrx_word' id='word_1_95' title='bbox 270 2286 453 2348; x_wconf 83' lang='lat' dir='ltr'><strong>invidebunt</strong></span> <span class='ocrx_word' id='word_1_96' title='bbox 466 2286 544 2347; x_wconf 89' lang='lat' dir='ltr'><strong>mihi</strong></span> <span class='ocrx_word' id='word_1_97' title='bbox 555 2290 640 2348; x_wconf 87' lang='lat' dir='ltr'><strong>tuos!</strong></span> <span class='ocrx_word' id='word_1_98' title='bbox 652 2289 755 2366; x_wconf 77' lang='lat' dir='ltr'><strong>Quare</strong></span> <span class='ocrx_word' id='word_1_99' title='bbox 768 2288 863 2369; x_wconf 74' lang='lat' dir='ltr'><strong>igitur</strong></span> <span class='ocrx_word' id='word_1_100' title='bbox 871 2288 1012 2351; x_wconf 80' lang='lat' dir='ltr'><strong>loetemur</strong></span> <span class='ocrx_word' id='word_1_101' title='bbox 1021 2289 1098 2352; x_wconf 88' lang='lat' dir='ltr'><strong>dum</strong></span> 
     </span>
     <span class='ocr_line' id='line_1_15' title="bbox 24 2381 969 2471; baseline -0.001 -19"><span class='ocrx_word' id='word_1_102' title='bbox 24 2443 25 2452; x_wconf 69' lang='grc'>,</span> <span class='ocrx_word' id='word_1_103' title='bbox 74 2381 139 2462; x_wconf 79' lang='lat' dir='ltr'><strong>litet,</strong></span> <span class='ocrx_word' id='word_1_104' title='bbox 149 2399 189 2465; x_wconf 83' lang='lat' dir='ltr'><strong>et,</strong></span> <span class='ocrx_word' id='word_1_105' title='bbox 199 2409 296 2471; x_wconf 86' lang='lat' dir='ltr'><strong>quam</strong></span> <span class='ocrx_word' id='word_1_106' title='bbox 305 2387 461 2471; x_wconf 89' lang='lat' dir='ltr'><strong>possimus</strong></span> <span class='ocrx_word' id='word_1_107' title='bbox 474 2387 544 2464; x_wconf 85' lang='lat' dir='ltr'><strong>diu,</strong></span> <span class='ocrx_word' id='word_1_108' title='bbox 558 2401 715 2449; x_wconf 84' lang='lat' dir='ltr'><strong>teneamus</strong></span> <span class='ocrx_word' id='word_1_109' title='bbox 729 2387 842 2468; x_wconf 77' lang='lat' dir='ltr'><strong>gaudia</strong></span> <span class='ocrx_word' id='word_1_110' title='bbox 854 2401 969 2451; x_wconf 86' lang='lat' dir='ltr'><strong>nostra.</strong></span> 
     </span>
    </p>
   </div>
   <div class='ocr_carea' id='block_1_5' title="bbox 520 2579 632 2598">
    <p class='ocr_par' dir='ltr' id='par_1_6' title="bbox 520 2579 632 2598">
     <span class='ocr_line' id='line_1_16' title="bbox 520 2579 632 2598; baseline 0 -4"><span class='ocrx_word' id='word_1_111' title='bbox 520 2579 632 2598; x_wconf 56' lang='grc' dir='ltr'><strong>-οιι</strong></span> 
     </span>
    </p>
   </div>
   <div class='ocr_carea' id='block_1_6' title="bbox 24 2683 1129 3486">
    <p class='ocr_par' dir='ltr' id='par_1_7' title="bbox 110 2683 1129 2931">
     <span class='ocr_line' id='line_1_17' title="bbox 110 2683 1129 2822; baseline 0 -24"><span class='ocrx_word' id='word_1_112' title='bbox 110 2683 201 2798; x_wconf 79' lang='lat' dir='ltr'><strong>Nou</strong></span> <span class='ocrx_word' id='word_1_113' title='bbox 212 2751 277 2822; x_wconf 72' lang='lat' dir='ltr'><strong>ego</strong></span> <span class='ocrx_word' id='word_1_114' title='bbox 289 2752 384 2797; x_wconf 91' lang='lat' dir='ltr'><strong>nunc</strong></span> <span class='ocrx_word' id='word_1_115' title='bbox 395 2731 506 2796; x_wconf 80' lang='lat' dir='ltr'><strong>tristes</strong></span> <span class='ocrx_word' id='word_1_116' title='bbox 518 2749 656 2812; x_wconf 85' lang='lat' dir='ltr'><strong>vereor,</strong></span> <span class='ocrx_word' id='word_1_117' title='bbox 670 2728 917 2822; x_wconf 73' lang='lat' dir='ltr'><strong>meaCynthie,</strong></span> <span class='ocrx_word' id='word_1_118' title='bbox 932 2734 1067 2814; x_wconf 84' lang='lat' dir='ltr'><strong>Manes,</strong></span> <span class='ocrx_word' id='word_1_119' title='bbox 1114 2741 1129 2772; x_wconf 56' lang='lat'><strong>1²</strong></span> 
     </span>
     <span class='ocr_line' id='line_1_18' title="bbox 145 2835 830 2931; baseline 0.003 -26"><span class='ocrx_word' id='word_1_120' title='bbox 145 2841 209 2907; x_wconf 81' lang='lat' dir='ltr'><strong>Nec</strong></span> <span class='ocrx_word' id='word_1_121' title='bbox 218 2861 337 2905; x_wconf 92' lang='lat' dir='ltr'><strong>moror</strong></span> <span class='ocrx_word' id='word_1_122' title='bbox 348 2853 498 2904; x_wconf 81' lang='lat' dir='ltr'><strong>extremo</strong></span> <span class='ocrx_word' id='word_1_123' title='bbox 510 2835 622 2904; x_wconf 80' lang='lat' dir='ltr'><strong>debita</strong></span> <span class='ocrx_word' id='word_1_124' title='bbox 633 2837 703 2904; x_wconf 85' lang='lat' dir='ltr'><strong>fata</strong></span> <span class='ocrx_word' id='word_1_125' title='bbox 714 2861 830 2931; x_wconf 80' lang='lat' dir='ltr'><strong>rogo:-</strong></span> 
     </span>
    </p>

    <p class='ocr_par' dir='ltr' id='par_1_8' title="bbox 107 2945 861 3034">
     <span class='ocr_line' id='line_1_19' title="bbox 107 2945 861 3034; baseline 0.003 -19"><span class='ocrx_word' id='word_1_126' title='bbox 107 2946 211 3016; x_wconf 86' lang='lat' dir='ltr'><strong>Sedne</strong></span> <span class='ocrx_word' id='word_1_127' title='bbox 223 2947 312 3016; x_wconf 85' lang='lat' dir='ltr'><strong>forte</strong></span> <span class='ocrx_word' id='word_1_128' title='bbox 324 2963 383 3016; x_wconf 90' lang='lat' dir='ltr'><strong>tuo</strong></span> <span class='ocrx_word' id='word_1_129' title='bbox 395 2965 508 3015; x_wconf 83' lang='lat' dir='ltr'><strong>careat</strong></span> <span class='ocrx_word' id='word_1_130' title='bbox 518 2945 601 3014; x_wconf 85' lang='lat' dir='ltr'><strong>mihi</strong></span> <span class='ocrx_word' id='word_1_131' title='bbox 617 2949 719 3016; x_wconf 87' lang='lat' dir='ltr'><strong>funus</strong></span> <span class='ocrx_word' id='word_1_132' title='bbox 731 2973 861 3034; x_wconf 85' lang='lat' dir='ltr'><strong>amore,</strong></span> 
     </span>
    </p>

    <p class='ocr_par' dir='ltr' id='par_1_9' title="bbox 147 3057 795 3153">
     <span class='ocr_line' id='line_1_20' title="bbox 147 3057 795 3153; baseline 0.003 -29"><span class='ocrx_word' id='word_1_133' title='bbox 147 3061 206 3127; x_wconf 85' lang='lat' dir='ltr'><strong>Hic</strong></span> <span class='ocrx_word' id='word_1_134' title='bbox 216 3060 321 3127; x_wconf 86' lang='lat' dir='ltr'><strong>timor</strong></span> <span class='ocrx_word' id='word_1_135' title='bbox 331 3073 385 3126; x_wconf 85' lang='lat' dir='ltr'><strong>ost</strong></span> <span class='ocrx_word' id='word_1_136' title='bbox 394 3057 606 3150; x_wconf 86' lang='lat' dir='ltr'><strong>ipsisdurior</strong></span> <span class='ocrx_word' id='word_1_137' title='bbox 618 3061 795 3153; x_wconf 86' lang='lat' dir='ltr'><strong>exsequiis.</strong></span> 
     </span>
    </p>

    <p class='ocr_par' dir='ltr' id='par_1_10' title="bbox 24 3159 1099 3486">
     <span class='ocr_line' id='line_1_21' title="bbox 24 3159 1099 3262; baseline -0.006 -24"><span class='ocrx_word' id='word_1_138' title='bbox 24 3159 25 3238; x_wconf 63' lang='lat' dir='ltr'>J</span> <span class='ocrx_word' id='word_1_139' title='bbox 106 3167 170 3234; x_wconf 67' lang='lat' dir='ltr'><strong>lion</strong></span> <span class='ocrx_word' id='word_1_140' title='bbox 180 3167 267 3236; x_wconf 89' lang='lat' dir='ltr'><strong>adeo</strong></span> <span class='ocrx_word' id='word_1_141' title='bbox 278 3167 396 3236; x_wconf 88' lang='lat' dir='ltr'><strong>leviter</strong></span> <span class='ocrx_word' id='word_1_142' title='bbox 405 3169 528 3236; x_wconf 88' lang='lat' dir='ltr'><strong>nostris</strong></span> <span class='ocrx_word' id='word_1_143' title='bbox 540 3193 629 3262; x_wconf 88' lang='lat' dir='ltr'><strong>puer</strong></span> <span class='ocrx_word' id='word_1_144' title='bbox 638 3167 736 3236; x_wconf 86' lang='lat' dir='ltr'><strong>haesit</strong></span> <span class='ocrx_word' id='word_1_145' title='bbox 746 3167 882 3250; x_wconf 89' lang='lat' dir='ltr'><strong>ocellis,</strong></span> <span class='ocrx_word' id='word_1_146' title='bbox 1048 3181 1099 3232; x_wconf 84' lang='lat'><strong>·5</strong></span> 
     </span>
     <span class='ocr_line' id='line_1_22' title="bbox 24 3255 1028 3370; baseline 0.001 -24"><span class='ocrx_word' id='word_1_147' title='bbox 24 3255 26 3272; x_wconf 33' lang='grc' dir='ltr'>Ι</span> <span class='ocrx_word' id='word_1_148' title='bbox 144 3281 186 3346; x_wconf 90' lang='lat' dir='ltr'><strong>Ut</strong></span> <span class='ocrx_word' id='word_1_149' title='bbox 196 3303 294 3348; x_wconf 87' lang='lat' dir='ltr'><strong>meus</strong></span> <span class='ocrx_word' id='word_1_150' title='bbox 306 3277 411 3348; x_wconf 91' lang='lat' dir='ltr'><strong>oblito</strong></span> <span class='ocrx_word' id='word_1_151' title='bbox 424 3275 537 3370; x_wconf 87' lang='lat' dir='ltr'><strong>pulvis</strong></span> <span class='ocrx_word' id='word_1_152' title='bbox 547 3303 662 3347; x_wconf 86' lang='lat' dir='ltr'><strong>amore</strong></span> <span class='ocrx_word' id='word_1_153' title='bbox 676 3297 781 3346; x_wconf 87' lang='lat' dir='ltr'><strong>vacet.</strong></span> <span class='ocrx_word' id='word_1_154' title='bbox 840 3276 843 3284; x_wconf 82' lang='lat'>&#39;</span> <span class='ocrx_word' id='word_1_155' title='bbox 1022 3277 1028 3287; x_wconf 77' lang='grc'><strong>’</strong></span> 
     </span>
     <span class='ocr_line' id='line_1_23' title="bbox 106 3386 826 3486; baseline 0.001 -30"><span class='ocrx_word' id='word_1_156' title='bbox 106 3386 167 3458; x_wconf 86' lang='lat' dir='ltr'><strong>Illic</strong></span> <span class='ocrx_word' id='word_1_157' title='bbox 177 3388 376 3483; x_wconf 75' lang='lat' dir='ltr'><strong>Phylacides</strong></span> <span class='ocrx_word' id='word_1_158' title='bbox 385 3388 548 3484; x_wconf 82' lang='lat' dir='ltr'><strong>juouudae</strong></span> <span class='ocrx_word' id='word_1_159' title='bbox 561 3389 713 3486; x_wconf 76' lang='lat' dir='ltr'><strong>conjugis</strong></span> <span class='ocrx_word' id='word_1_160' title='bbox 726 3391 826 3460; x_wconf 88' lang='lat' dir='ltr'><strong>heros</strong></span> 
     </span>
    </p>
   </div>
   <div class='ocr_carea' id='block_1_7' title="bbox 24 3573 1100 4289">
    <p class='ocr_par' dir='ltr' id='par_1_11' title="bbox 24 3573 1100 3967">
     <span class='ocr_line' id='line_1_24' title="bbox 100 3573 1100 3650; baseline 0.003 -25"><span class='ocrx_word' id='word_1_161' title='bbox 100 3587 119 3623; x_wconf 87' lang='lat' dir='ltr'><strong>r.</strong></span> <span class='ocrx_word' id='word_1_162' title='bbox 135 3573 235 3643; x_wconf 68' lang='lat' dir='ltr'><strong>Manes,</strong></span> <span class='ocrx_word' id='word_1_163' title='bbox 251 3579 365 3643; x_wconf 84' lang='lat' dir='ltr'><strong>Orcum,</strong></span> <span class='ocrx_word' id='word_1_164' title='bbox 382 3589 494 3630; x_wconf 86' lang='lat' dir='ltr'><strong>mortem</strong></span> <span class='ocrx_word' id='word_1_165' title='bbox 508 3578 551 3650; x_wconf 90' lang='lat' dir='ltr'><strong>ip·</strong></span> <span class='ocrx_word' id='word_1_166' title='bbox 595 3578 691 3630; x_wconf 85' lang='lat' dir='ltr'><strong>amoris</strong></span> <span class='ocrx_word' id='word_1_167' title='bbox 712 3575 849 3642; x_wconf 82' lang='lat' dir='ltr'><strong>videlicet,</strong></span> <span class='ocrx_word' id='word_1_168' title='bbox 868 3595 923 3647; x_wconf 88' lang='lat' dir='ltr'><strong>quo</strong></span> <span class='ocrx_word' id='word_1_169' title='bbox 940 3592 1100 3644; x_wconf 80' lang='lat' dir='ltr'><strong>moremur,</strong></span> 
     </span>
     <span class='ocr_line' id='line_1_25' title="bbox 73 3653 1099 3731; baseline 0.008 -29"><span class='ocrx_word' id='word_1_170' title='bbox 73 3663 117 3702; x_wconf 72' lang='lat' dir='ltr'><strong>sn</strong></span> <span class='ocrx_word' id='word_1_171' title='bbox 126 3653 362 3728; x_wconf 71' lang='lat' dir='ltr'><strong>intellige-Fato</strong></span> <span class='ocrx_word' id='word_1_172' title='bbox 376 3675 437 3730; x_wconf 75' lang='lat' dir='ltr'><strong>ropo</strong></span> <span class='ocrx_word' id='word_1_173' title='bbox 449 3655 550 3723; x_wconf 79' lang='lat' dir='ltr'><strong>debita,</strong></span> <span class='ocrx_word' id='word_1_174' title='bbox 596 3677 701 3712; x_wconf 83' lang='lat' dir='ltr'><strong>sensum</strong></span> <span class='ocrx_word' id='word_1_175' title='bbox 711 3680 718 3711; x_wconf 76' lang='lat' dir='ltr'><strong>s</strong></span> <span class='ocrx_word' id='word_1_176' title='bbox 730 3659 866 3731; x_wconf 80' lang='lat' dir='ltr'><strong>Propertio</strong></span> <span class='ocrx_word' id='word_1_177' title='bbox 878 3656 1034 3730; x_wconf 76' lang='lat' dir='ltr'><strong>hesperum</strong></span> <span class='ocrx_word' id='word_1_178' title='bbox 1046 3669 1099 3720; x_wconf 83' lang='lat' dir='ltr'><strong>est;</strong></span> 
     </span>
     <span class='ocr_line' id='line_1_26' title="bbox 24 3733 1100 3810; baseline 0.006 -27"><span class='ocrx_word' id='word_1_179' title='bbox 24 3791 25 3800; x_wconf 12' lang='grc' dir='ltr'>ἶ</span> <span class='ocrx_word' id='word_1_180' title='bbox 72 3733 549 3805; x_wconf 68' lang='lat' dir='ltr'><strong>mensurogisubeundamlegem.</strong></span> <span class='ocrx_word' id='word_1_181' title='bbox 594 3735 692 3790; x_wconf 70' lang='lat' dir='ltr'><strong>herere</strong></span> <span class='ocrx_word' id='word_1_182' title='bbox 704 3736 754 3788; x_wconf 88' lang='lat' dir='ltr'><strong>sibi</strong></span> <span class='ocrx_word' id='word_1_183' title='bbox 770 3737 844 3808; x_wconf 66' lang='lat' dir='ltr'><strong>lingit</strong></span> <span class='ocrx_word' id='word_1_184' title='bbox 860 3735 944 3788; x_wconf 87' lang='lat' dir='ltr'><strong>oculis</strong></span> <span class='ocrx_word' id='word_1_185' title='bbox 957 3735 1047 3789; x_wconf 78' lang='lat' dir='ltr'><strong>divum</strong></span> <span class='ocrx_word' id='word_1_186' title='bbox 1061 3739 1100 3810; x_wconf 88' lang='lat' dir='ltr'><strong>ip·</strong></span> 
     </span>
     <span class='ocr_line' id='line_1_27' title="bbox 72 3805 836 3885; baseline 0.005 -25"><span class='ocrx_word' id='word_1_187' title='bbox 72 3805 104 3860; x_wconf 83' lang='lat' dir='ltr'><strong>lle</strong></span> <span class='ocrx_word' id='word_1_188' title='bbox 113 3810 231 3882; x_wconf 77' lang='lat' dir='ltr'><strong>rijeutivo</strong></span> <span class='ocrx_word' id='word_1_189' title='bbox 242 3825 370 3868; x_wconf 72' lang='lat' dir='ltr'><strong>extreuuu</strong></span> <span class='ocrx_word' id='word_1_190' title='bbox 381 3813 441 3866; x_wconf 79' lang='lat' dir='ltr'><strong>vide</strong></span> <span class='ocrx_word' id='word_1_191' title='bbox 451 3825 507 3867; x_wconf 85' lang='lat' dir='ltr'><strong>not.</strong></span> <span class='ocrx_word' id='word_1_192' title='bbox 517 3813 551 3866; x_wconf 79' lang='lat' dir='ltr'><strong>ed</strong></span> <span class='ocrx_word' id='word_1_193' title='bbox 596 3833 655 3867; x_wconf 87' lang='lat' dir='ltr'><strong>sum</strong></span> <span class='ocrx_word' id='word_1_194' title='bbox 666 3813 836 3885; x_wconf 86' lang='lat' dir='ltr'><strong>Cupidinem.</strong></span> 
     </span>
     <span class='ocr_line' id='line_1_28' title="bbox 72 3883 1099 3967; baseline 0.003 -24"><span class='ocrx_word' id='word_1_195' title='bbox 72 3883 179 3961; x_wconf 64' lang='lat' dir='ltr'><strong>dag-17,</strong></span> <span class='ocrx_word' id='word_1_196' title='bbox 193 3911 235 3947; x_wconf 76' lang='lat' dir='ltr'><strong>ao.</strong></span> <span class='ocrx_word' id='word_1_197' title='bbox 631 3909 656 3963; x_wconf 82' lang='lat'><strong>7.</strong></span> <span class='ocrx_word' id='word_1_198' title='bbox 673 3891 752 3954; x_wconf 50' lang='lat' dir='ltr'><strong>ruis·</strong></span> <span class='ocrx_word' id='word_1_199' title='bbox 764 3894 835 3945; x_wconf 83' lang='lat' dir='ltr'><strong>ooecis</strong></span> <span class='ocrx_word' id='word_1_200' title='bbox 851 3909 945 3964; x_wconf 85' lang='lat' dir='ltr'><strong>nempe</strong></span> <span class='ocrx_word' id='word_1_201' title='bbox 955 3891 1031 3960; x_wconf 82' lang='lat' dir='ltr'><strong>locis,</strong></span> <span class='ocrx_word' id='word_1_202' title='bbox 1042 3911 1099 3967; x_wconf 80' lang='lat' dir='ltr'><strong>quse</strong></span> 
     </span>
    </p>

    <p class='ocr_par' dir='ltr' id='par_1_12' title="bbox 72 3967 1100 4289">
     <span class='ocr_line' id='line_1_29' title="bbox 100 3967 1100 4046; baseline 0.007 -27"><span class='ocrx_word' id='word_1_203' title='bbox 100 3967 122 4019; x_wconf 79' lang='grc'><strong>5.</strong></span> <span class='ocrx_word' id='word_1_204' title='bbox 134 3971 203 4026; x_wconf 79' lang='lat' dir='ltr'><strong>Puer.</strong></span> <span class='ocrx_word' id='word_1_205' title='bbox 217 3971 286 4025; x_wconf 80' lang='lat' dir='ltr'><strong>Vide</strong></span> <span class='ocrx_word' id='word_1_206' title='bbox 302 3972 368 4045; x_wconf 70' lang='lat' dir='ltr'><strong>eleg.</strong></span> <span class='ocrx_word' id='word_1_207' title='bbox 386 3972 418 4039; x_wconf 87' lang='lat'><strong>6,</strong></span> <span class='ocrx_word' id='word_1_208' title='bbox 434 3971 476 4026; x_wconf 79' lang='lat'><strong>23.</strong></span> <span class='ocrx_word' id='word_1_209' title='bbox 496 3969 550 4024; x_wconf 81' lang='lat' dir='ltr'><strong>Mi·</strong></span> <span class='ocrx_word' id='word_1_210' title='bbox 595 3973 683 4025; x_wconf 83' lang='lat' dir='ltr'><strong>statim</strong></span> <span class='ocrx_word' id='word_1_211' title='bbox 693 3985 840 4044; x_wconf 84' lang='lat' dir='ltr'><strong>sequuntur</strong></span> <span class='ocrx_word' id='word_1_212' title='bbox 850 3973 945 4043; x_wconf 85' lang='lat' dir='ltr'><strong>posita.</strong></span> <span class='ocrx_word' id='word_1_213' title='bbox 957 3975 1100 4046; x_wconf 84' lang='lat' dir='ltr'><strong>Repetitio-</strong></span> 
     </span>
     <span class='ocr_line' id='line_1_30' title="bbox 72 4049 1098 4124; baseline 0.007 -25"><span class='ocrx_word' id='word_1_214' title='bbox 72 4059 95 4094; x_wconf 67' lang='grc' dir='ltr'><em>η</em></span> <span class='ocrx_word' id='word_1_215' title='bbox 114 4061 192 4101; x_wconf 76' lang='lat' dir='ltr'><strong>mrem</strong></span> <span class='ocrx_word' id='word_1_216' title='bbox 216 4049 261 4103; x_wconf 83' lang='lat' dir='ltr'><strong>hic</strong></span> <span class='ocrx_word' id='word_1_217' title='bbox 277 4050 401 4124; x_wconf 83' lang='lat' dir='ltr'><strong>objicitur</strong></span> <span class='ocrx_word' id='word_1_218' title='bbox 419 4063 446 4104; x_wconf 84' lang='lat' dir='ltr'><strong>et</strong></span> <span class='ocrx_word' id='word_1_219' title='bbox 466 4049 551 4103; x_wconf 86' lang='lat' dir='ltr'><strong>adno·</strong></span> <span class='ocrx_word' id='word_1_220' title='bbox 596 4049 700 4102; x_wconf 88' lang='lat' dir='ltr'><strong>nishoc</strong></span> <span class='ocrx_word' id='word_1_221' title='bbox 713 4049 1098 4122; x_wconf 73' lang='lat' dir='ltr'><strong>genusliuguaeetiamnostrae</strong></span> 
     </span>
     <span class='ocr_line' id='line_1_31' title="bbox 72 4125 1098 4202; baseline 0.01 -28"><span class='ocrx_word' id='word_1_222' title='bbox 72 4125 157 4179; x_wconf 74' lang='lat' dir='ltr'><strong>tatium</strong></span> <span class='ocrx_word' id='word_1_223' title='bbox 179 4127 276 4183; x_wconf 80' lang='lat' dir='ltr'><strong>locutio</strong></span> <span class='ocrx_word' id='word_1_224' title='bbox 305 4127 410 4201; x_wconf 69' lang='lat' dir='ltr'><strong>dignu:</strong></span> <span class='ocrx_word' id='word_1_225' title='bbox 434 4147 552 4184; x_wconf 82' lang='lat' dir='ltr'><strong>amorem</strong></span> <span class='ocrx_word' id='word_1_226' title='bbox 595 4128 1098 4202; x_wconf 72' lang='lat' dir='ltr'><strong>frequentissimumese-Plrylooides‚</strong></span> 
     </span>
     <span class='ocr_line' id='line_1_32' title="bbox 73 4202 1100 4289; baseline 0.006 -29"><span class='ocrx_word' id='word_1_227' title='bbox 73 4202 139 4275; x_wconf 65' lang='lat' dir='ltr'><strong>vulgo</strong></span> <span class='ocrx_word' id='word_1_228' title='bbox 158 4205 263 4289; x_wconf 66' lang='lat' dir='ltr'><strong>dicimus</strong></span> <span class='ocrx_word' id='word_1_229' title='bbox 287 4209 430 4282; x_wconf 63' lang='lat' dir='ltr'><strong>signilieffi</strong></span> <span class='ocrx_word' id='word_1_230' title='bbox 452 4208 551 4274; x_wconf 78' lang='lat' dir='ltr'><strong>oculis3</strong></span> <span class='ocrx_word' id='word_1_231' title='bbox 596 4207 768 4278; x_wconf 77' lang='lat' dir='ltr'><strong>Protesilaus,</strong></span> <span class='ocrx_word' id='word_1_232' title='bbox 782 4205 877 4282; x_wconf 81' lang='lat' dir='ltr'><strong>Iphicli</strong></span> <span class='ocrx_word' id='word_1_233' title='bbox 891 4207 973 4279; x_wconf 86' lang='lat' dir='ltr'><strong>lilius,</strong></span> <span class='ocrx_word' id='word_1_234' title='bbox 992 4209 1100 4285; x_wconf 65' lang='lat' dir='ltr'><strong>Phylaci</strong></span> 
     </span>
    </p>
   </div>
   <div class='ocr_carea' id='block_1_8' title="bbox 0 0 1440 4968">
    <p class='ocr_par' dir='ltr' id='par_1_13' title="bbox 0 0 1440 4968">
     <span class='ocr_line' id='line_1_33' title="bbox 0 0 1440 4968; baseline 0 0"><span class='ocrx_word' id='word_1_235' title='bbox 0 0 1440 4968; x_wconf 95' lang='lat' dir='ltr'><strong> </strong></span> 
     </span>
    </p>
   </div>
  </div>
 </body>
</html>
