2822 4966
411 464 588 528 ELEGte
613 465 675 528 1x.
1002 463 1063 529 381

128 589 282 678 Tempore
294 601 366 652 tam
378 583 493 654 faciles
504 587 721 654 insinuentur
731 611 830 680 opes;

89 697 198 777 Parcis,
211 711 243 762 et
252 697 286 762 in
297 710 417 764 tenues
428 693 635 784 humilemte
650 693 778 788 colligis
790 697 947 766 umbras:

125 805 273 874 Veiorum
285 805 405 899 plenos
417 805 586 876 subtrahis
598 810 671 902 ipse
681 810 787 876 sinus.
1035 820 1070 871 30

85 913 176 982 Crede
186 914 280 999 mihi,
292 939 433 1008 magnos
445 916 630 1012 aequabunt
640 919 705 984 ista
715 915 872 986 Camillos

123 1024 258 1108 Judicia,
271 1045 306 1094 et
316 1027 431 1096 venies
443 1043 483 1095 tu
494 1051 630 1122 quoque
641 1029 675 1096 in
690 1053 750 1096 ora
761 1029 886 1110 virum,

84 1138 206 1204 Caesaris
217 1155 250 1205 et
261 1137 361 1205 ffimae
374 1141 513 1230 vestigia
520 1135 640 1232 juncta
651 1137 797 1222 tenebis;

121 1251 304 1316 Maecenatis
319 1267 420 1318 erunt
431 1273 509 1320 vera
521 1265 650 1344 tropaea
660 1250 758 1318 fides.

81 1361 144 1428 Non
155 1384 214 1454 ego
226 1361 362 1430 velifera
375 1363 543 1432 tumidum
555 1387 649 1431 maro
660 1361 753 1431 findo
764 1365 899 1432 carina:
1033 1377 1068 1432 35

118 1472 199 1537 Tuta
209 1469 273 1538 sub
285 1473 406 1564 exiguo
417 1471 559 1541 flumine
568 1489 684 1543 nostra
695 1497 791 1541 mora
802 1490 863 1542 est.

49 1613 116 1667 Cur.
132 1617 199 1671 Vm
215 1619 250 1670 ad
266 1618 409 1690 effectum,
426 1621 520 1692 quibua
564 1618 1069 1690 miamrrdinell‚'27‚13:slsmlioet

49 1707 108 1744 tans
117 1695 184 1766 qnod
194 1698 231 1748 vis
240 1696 350 1750 cilicias.
564 1711 591 1752 et
604 1701 691 1773 Stygia
710 1699 800 1752 sedeat
814 1701 861 1752 sub
878 1699 1009 1752 arundine
1023 1719 1068 1752 aa·

72 1775 216 1842 tarmis,
236 1779 343 1847 parcius
358 1780 447 1830 uteris.
467 1781 520 1830 Au·
563 1797 638 1842 mu,
664 1793 714 1830 etc.
731 1801 742 1827 ι
762 1777 859 1850 quibas
883 1780 910 1830 in
931 1777 1016 1846 locis,
1038 1792 1069 1831 ut

46 1862 88 1902 cor
98 1851 177 1924 alapia
189 1857 216 1906 in
229 1855 339 1908 Obitnrn
353 1857 462 1910 Macen.
479 1877 518 1910 vs.
564 1855 621 1910 aliis
633 1857 738 1924 multis,
751 1861 908 1929 interpretes
917 1857 963 1910 suls
976 1875 1026 1929 pro
1040 1859 1069 1910 in

46 1927 68 1978 3¹
81 1951 87 1979 =
101 1934 197 2004 ullajus
210 1947 267 1987 erat
279 1938 414 2006 potuisse,
431 1951 519 1990 tamen
563 1935 634 1988 mala
649 1936 782 2006 accipiant
798 1937 924 2006 positum.
945 1937 997 1988 Res
1017 1937 1068 2006 igi·

45 2025 81 2059 Μ
91 2009 149 2064 velle
165 2011 313 2085 triumphos
329 2035 336 2065 ε
355 2014 443 2086 Major
458 2035 519 2082 res,
563 2029 609 2066 tnr
626 2011 782 2086 quaerenda,
802 2015 953 2084 promiscua
969 2015 1070 2068 utrius-

46 2091 122 2156 mssnis
140 2091 314 2154 abstinuisse,
331 2093 413 2144 tuic-
433 2121 469 2134 -
484 2095 519 2146 In
565 2113 616 2167 qus
640 2095 834 2166 propositionis
860 2094 1015 2164 significatio
1040 2097 1069 2148 in

44 2171 377 2242 mansuescunt,
397 2184 423 2224 te
436 2175 464 2224 in
476 2185 519 2225 te-
564 2171 662 2226 talibus
687 2171 801 2226 admissa
826 2191 912 2225 necne
935 2172 1068 2228 veteribus

44 2259 143 2296 men-et
159 2259 299 2315 angustam
316 2250 396 2300 vitam
417 2249 519 2321 colligis
563 2253 651 2303 fuerit.
674 2251 724 2304 sed
746 2253 805 2322 quis
825 2249 930 2304 dubitet
953 2271 985 2304 ex
1004 2254 1068 2325 ipsis

43 2320 120 2373 volem
135 2353 170 2364 -
190 2323 315 2378 Veiorum
331 2325 425 2396 plenos
449 2329 520 2381 sinus
563 2329 693 2401 Propertii
708 2329 847 2382 versibus?
864 2331 922 2402 quis
936 2349 991 2384 non
1005 2333 1068 2388 faci·

43 2397 215 2466 ipoenrltraiis.
235 2404 336 2456 Horatii
355 2405 447 2458 eadam
462 2425 519 2459 me-
563 2406 614 2460 lius
626 2409 695 2460 ferat
709 2410 753 2461 suli
769 2427 819 2480 pro
838 2412 880 2476 in,
895 2429 977 2482 quam
995 2431 1069 2485 cynt-

43 2479 185 2550 tsplroraest,
192 2482 281 2534 Garm.
292 2487 324 2550 ΙΙ,
340 2501 381 2551 ιο,
391 2503 422 2540 aa
435 2507 442 2537 ε
455 2509 466 2532 ι
479 2505 520 2540 sa·
562 2486 635 2554 bam,
644 2505 713 2559 quas,
724 2486 788 2540 dum
797 2490 919 2560 navigat,
931 2489 981 2547 sub
991 2493 1068 2560 aquis

42 2555 121 2624 noar
132 2559 200 2613 iden
217 2561 364 2616 Contrahes
382 2577 461 2616 vento
478 2567 520 2616 ni-
563 2582 621 2618 esse
646 2566 774 2618 dicatur?
797 2567 865 2620 Vidn
888 2587 970 2639 porro
994 2568 1066 2622 alia:

42 2639 101 2691 niun
112 2642 226 2694 secando
240 2643 359 2715 Turgicla
372 2646 463 2699 volan
563 2645 683 2699 Catullus
701 2647 798 2714 LXHI,
815 2665 866 2716 71,
889 2671 901 2696 a
915 2648 971 2719 Ego
988 2649 1068 2702 vitans

70 2718 104 2772 ir.
120 2724 300 2797 Inajudicias
318 2725 449 2796 judicium
466 2727 518 2781 lsoc
563 2743 641 2796 agam
655 2726 701 2779 sub
719 2725 779 2779 altis
792 2725 910 2800 Phrygiae
927 2726 1069 2782 columini-

41 2807 109 2866 ἱππ,
121 2819 192 2855 mens
208 2802 253 2855 illa
270 2817 331 2872 tua,
349 2823 405 2878 qun
416 2806 465 2858 tibi
478 2819 517 2859 ta·
563 2805 646 2858 bus?-
658 2805 703 2858 au
713 2805 773 2858 altis
782 2806 956 2861 columinibus
966 2826 1002 2860 an
1011 2827 1067 2862 non

41 2871 148 2933 lunares
164 2882 236 2934 lacit.
251 2883 403 2954 AEpunlsnnt
412 2885 516 2956 judicia
561 2881 631 2934 clare
642 2882 748 2935 videtur
761 2903 817 2938 esse
830 2885 859 2936 in
875 2885 1050 2940 columinibus
1058 2907 1075 2953 ,·

41 2954 74 3005 ias
87 2971 125 3010 tua
139 2978 249 3032 magnos
267 2961 405 3028 Camillos,
422 2963 515 3030 idest,
561 2958 614 3013 hoc
622 2971 679 3027 ast,
691 2959 841 3026 montibus,
851 2961 988 3032 Phrygio?
1000 2981 1067 3033 quo·

42 3045 75 3084 ηε
88 3035 179 3106 judicia
201 3040 254 3090 ista
279 3039 379 3109 magnis
398 3039 515 3094 Camillis
560 3038 641 3090 modo
656 3036 728 3108 apud
742 3039 820 3092 ond.
835 3040 944 3092 Metam.
957 3041 983 3108 l,
997 3041 1067 3110 689,

39 3114 160 3184 lambunt.
171 3141 184 3166 ι
200 3117 300 3171 Similia
311 3117 371 3170 virle
385 3132 476 3172 notata
486 3121 514 3186 1,
564 3117 658 3169 «Tum
673 3115 757 3182 dens,
777 3116 896 3172 Arcadiae
911 3117 1005 3188 gelidis
1020 3121 1067 3172 aab

39 3197 160 3263 s‚11‚tfl‚
175 3196 322 3262 aa‚36.-
333 3196 433 3251 Virum.
448 3197 514 3252 Vide
561 3193 713 3259 montibus,
741 3196 848 3265 inquit,
871 3198 943 3248 lntar
970 3199 1067 3250 Hama-

39 3268 158 3344 'uslai'-
561 3271 675 3345 dryadas
703 3270 874 3326 celeberrima
901 3276 1067 3330 Nonacrinas

59 3351 322 3417 iifrdesllsoecenatis
328 3365 515 3427 tropoeaarunt.
560 3353 642 3405 Naias
656 3369 710 3404 una
727 3351 814 3417 tuit„
830 3353 876 3405 sub
888 3354 1017 3408 montibus
1028 3367 1068 3410 est

39 3423 87 3478 l'itle
97 3431 142 3497 tv,
159 3447 188 3498 ι,
207 3431 250 3498 ¹4-
562 3431 590 3481 in
601 3429 753 3492 montibus;
766 3431 901 3502 quomodo
914 3434 994 3486 etiam
1008 3437 1067 3484 Vir-

63 3503 97 3556 35.
112 3509 215 3562 Carina.
234 3508 300 3562 Vide
316 3509 413 3577 111‚3·‚
429 3527 471 3564 at.
482 3541 517 3552 -
560 3507 639 3580 gilius
655 3510 699 3564 sub
715 3530 781 3583 rupe
799 3529 850 3582 pro
870 3511 916 3579 in,
935 3511 1020 3582 eclog.
1037 3513 1065 3577 1,

38 3577 89 3634 l'rta
104 3589 144 3639 ut
166 3589 264 3661 exiquo
282 3589 402 3664 flumine
430 3601 517 3643 nostra
562 3589 1067 3660 57,aliincaltssubsupecsnetfron-

37 3673 90 3714 ntra
107 3677 157 3732 est,
175 3680 234 3718 tute
254 3667 302 3720 snb
323 3669 422 3739 exiguis
442 3673 516 3742 aquis
562 3666 684 3720 datorad
701 3686 817 3732 auras3·
832 3682 862 3720 ut
874 3668 939 3722 nihil
947 3671 1003 3739 jam
1017 3671 1065 3724 mi·

36 3748 215 3799 noraurnavia
232 3763 299 3798 mea.
319 3747 358 3798 De
372 3765 425 3817 quo
437 3757 517 3800 vocs-
561 3763 619 3796 rum
632 3747 665 3796 sit
675 3745 747 3816 apud
759 3747 888 3798 Nostrum
902 3746 938 3812 ll,
955 3747 1065 3820 25‚17‚

36 3811 83 3870 llio
99 3840 165 3876 mora
180 3824 279 3890 videl,
298 3825 346 3890 13,
363 3827 396 3890 6,
421 3830 447 3893 Ι,
469 3845 517 3896 rr,
565 3827 621 3878 «At
636 3825 712 3877 nullo
726 3825 838 3878 dominae
856 3827 950 3878 teritur
966 3825 1012 3880 sub
1029 3827 1064 3882 li-

38 3899 145 3954 ¹⁰1-Suls
157 3905 251 3974 exiquo
256 3905 383 3980 flumine.
396 3906 423 3959 Si
435 3905 517 3962 Lach·
562 3903 633 3955 mine
649 3921 740 3970 amor,
763 3904 809 3973 qui
829 3903 963 3970 Restat‚·
990 3905 1065 3976 puel·

35 3987 136 4030 ”moni
156 3981 296 4048 aodimus,
323 3985 431 4054 proprie
453 3983 517 4038 dicit
562 3981 594 4034 lae
607 3980 681 4034 nullo
702 3983 731 4033 in
752 3980 845 4034 limine
861 3981 955 4033 teritur
972 4000 1066 4052 amor,

34 4049 112 4111 Noster
121 4063 301 4139 abstinuisse,
314 4082 394 4135 quum
403 4069 517 4136 parsin-
564 4065 609 4135 qui
624 4063 753 4133 patientia
770 4075 879 4134 pugnat.
902 4061 951 4134 (Iu
970 4065 1067 4136 quibus

33 4131 97 4190 lnior
115 4143 213 4214 navigii
225 4183 229 4192 .
240 4143 309 4196 inter
329 4143 448 4196 eandum
466 4144 517 4198 sub
563 4142 643 4196 verba
659 4141 757 4198 «nullo
768 4142 819 4197 sub
828 4142 939 4204 limina·
952 4146 1066 4217 accipies

33 4225 89 4282 aqua
99 4219 219 4291 sit,quo
235 4221 293 4290 pari
312 4221 391 4273 modo
406 4222 518 4294 vidimus
568 4222 637 4275 asub
654 4221 744 4275 limine
758 4219 852 4294 puellae
873 4241 1062 4296 numquam,-
1150 4273 1153 4278 .
