2870 4968
116 479 429 494 -ι-ι-ω-

348 609 350 611 ’
406 586 636 734 uuuou
677 631 804 733 xvi

375 855 533 922 rurus
556 854 830 940 LOQUITUR.

492 1253 720 1290 ARGUHEHTUU.

134 1365 269 1438 Amissum
286 1363 386 1444 janua
405 1361 532 1443 respicit
550 1375 687 1424 veterem
709 1361 895 1443 dignitatem
914 1386 1003 1428 suem
1029 1369 1134 1447 (conf.

103 1475 154 1522 not
171 1462 217 1540 t),
236 1475 265 1520 et
283 1458 454 1544 impudicae
476 1457 637 1540 cujusdam
659 1457 761 1520 adfixa
775 1459 898 1536 limini,
914 1464 990 1544 quid
1008 1462 1075 1544 jam
1097 1467 1136 1525 sit

102 1559 180 1635 boa,
193 1571 295 1620 moeste
307 1559 401 1618 dolet.
412 1557 554 1638 Indignis
567 1557 685 1640 pulsuri
698 1559 857 1634 munibus;
869 1565 1021 1624 sustinere
1033 1562 1136 1625 ebrio·

102 1678 157 1716 rum
171 1659 265 1732 rixas3
281 1655 413 1718 floribus
428 1657 551 1731 ornari,
574 1657 735 1737 probrosis
756 1656 864 1732 donis3
886 1657 953 1718 haec
972 1663 1135 1740 praesentis

101 1777 149 1816 esse
161 1755 345 1816 conditionis
361 1774 433 1814 suae.
448 1755 510 1812 Nec
526 1754 631 1812 minus
646 1753 782 1814 adsiduis
797 1775 852 1838 per
865 1769 971 1816 noctes
986 1759 1135 1838 irrequie-

101 1867 151 1914 um
161 1855 313 1915 sollicitari
326 1874 357 1914 sc
370 1853 515 1912 amatoris
527 1850 641 1912 exclusi
656 1852 865 1926 carminibus3
880 1869 991 1936 prester
1002 1854 1136 1918 dedecus

100 1973 189 2030 suum,
202 1952 304 2014 flenda
319 1964 350 2012 et
367 1951 427 2015 sihi
446 1971 509 2010 esse
528 1950 653 2010 alterius
668 1949 751 2009 mals
765 1951 973 2030 (cantilenam
987 1955 1136 2036 supplicis

98 2048 175 2128 janua
186 2051 296 2132 repetit
304 2067 398 2108 verss.
414 2045 571 2127 17-44);
586 2049 668 2107 inter
681 2046 841 2108 obscaenos
853 2067 974 2110 amores
987 2069 1092 2110 carere
1104 2071 1135 2111 se

100 2167 249 2230 numquam
264 2145 405 2206 infa'mite
421 2157 508 2205 nota.

545 2311 658 2328 -t

138 2415 227 2556 Qus
237 2451 369 2519 fueram
380 2452 510 2544 maguis
522 2448 603 2516 olim
615 2451 780 2542 patefiacts
792 2451 987 2548 triumphis,

173 2567 279 2632 lanua
289 2565 444 2656 Tarpeiae
458 2577 539 2630 nota
551 2562 734 2654 pudicitiae,

133 2673 224 2768 Cujus
237 2675 382 2742 inaurati
393 2673 608 2742 celebrarunt
618 2673 734 2743 limina
746 2699 884 2760 currus,

173 2789 355 2880 Captorum
367 2784 524 2878 lacrymis
536 2783 674 2852 humido
687 2785 914 2880 supplicibus;

129 2979 583 3054 r.Triumplrisolimpatefacto,de·
627 2982 745 3053 Tarpeio
772 2981 927 3052 (secundus
949 2985 1064 3056 cusos),
1084 3003 1134 3056 pro

99 3059 176 3111 roratis
193 3059 296 3114 honore
313 3058 442 3132 triumphi
459 3057 581 3118 ducibus.
626 3063 1134 3134 msstumtempnrisin'l'srpeiomoute

99 3135 228 3208 Antiquitas
251 3140 333 3210 igitur
357 3137 448 3190 sedem
468 3139 582 3190 Romani
625 3137 866 3209 pudicitialsvel:
881 3154 965 3193 snota
980 3159 1045 3211 ego,
1059 3147 1135 3214 cujus
1215 3177 1217 3182 ·

101 3219 219 3268 tuncrum
229 3215 301 3270 bello
315 3214 434 3282 nobiles,
448 3233 529 3288 quam
546 3217 582 3270 si-
626 3233 695 3271 essst
707 3217 787 3290 digus
796 3219 947 3273 Vestalibus
957 3221 1134 3292 csstitet(soi·

99 3291 184 3356 tdficst
194 3294 236 3347 hic
247 3297 412 3367 Propertius.
422 3294 580 3348 Verbever·
625 3295 704 3364 lieet,
721 3301 835 3370 Tarpeis
855 3298 900 3352 ills
920 3317 1002 3372 quum
1019 3299 1134 3354 Vestalis

99 3369 158 3422 siculi
171 3391 200 3442 r,
220 3376 340 3447 Tarpeio
355 3387 419 3427 nota
432 3375 581 3447 pudicitia,
626 3377 720 3444 fuerit,
741 3396 798 3449 quae
816 3377 935 3449 prodidit
960 3379 1065 3432 Sebinis'
1084 3397 1134 3451 pa-

100 3443 260 3506 lt'fficultetsnt
276 3453 379 3506 habeut
399 3453 581 3525 explicationis
625 3459 727 3522 trium,
756 3457 883 3530 deditque
914 3461 999 3512 monti
1035 3477 1134 3514 nomen

100 3541 140 3580 ton
149 3549 262 3602 parram.
274 3534 391 3586 Domum
402 3536 465 3588 satis
477 3546 583 3586 constet
625 3535 756 3607 suumin
770 3537 811 3588 vel
826 3537 940 3607 denique
955 3537 999 3608 (et
1012 3535 1065 3590 hoc
1078 3539 1134 3592 lot»

99 3625 140 3662 ³⁰1¹
147 3631 220 3684 posse
226 3617 346 3686 Tarpeios
355 3617 461 3688 respici,
472 3633 529 3688 quae
536 3615 581 3670 Ss-
625 3627 695 3668 tasse
706 3615 874 3687 probaverim
885 3619 968 3690 magis
975 3617 1001 3688 ),
1013 3633 1134 3672 constru-

99 3683 151 3742 biuis
172 3695 333 3766 Capitolium
359 3693 489 3761 tradidit,
509 3693 582 3746 dete·
627 3708 670 3746 ctu
682 3713 743 3748 oum
754 3697 832 3748 tertio
846 3715 911 3748 cssu
923 3699 1069 3750 sententia:
1085 3699 1134 3750 ·in

100 3781 166 3828 sttute
181 3776 222 3832 rol
242 3777 303 3848 ipso
324 3777 462 3847 Propertio
484 3777 531 3844 tt,
547 3777 583 3843 4,
626 3774 739 3845 Tarpeio
750 3788 840 3827 monte
850 3777 932 3844 jenua
945 3789 1077 3846 egooests
1091 3795 1134 3829 cs·

100 3862 194 3906 tuorem
218 3853 300 3924 liujus
323 3853 440 3926 perfidie
464 3871 582 3908 cauum.
628 3855 674 3906 stis
687 3853 757 3906 beue
770 3867 834 3906 notu
846 3855 989 3907 feminini»
1004 3857 1135 3910 Inousots's

100 3926 130 3976 ΑΒ
143 3929 213 4002 igitur
229 3933 391 3988 vocabulum
407 3935 519 4007 Tarpeia
535 3934 583 3988 ad·
628 3947 717 3986 autem
731 3931 859 3986 eelebrato
871 3934 967 3988 limina
981 3938 1095 3990 curribus
1109 3951 1134 3988 et

100 4002 201 4068 jotrum
220 4013 363 4078 iacientes,
381 4014 427 4084 qui
447 4015 583 4066 notionem
629 4011 752 4083 lacrymis
773 4021 907 4085 captorum
934 4015 1043 4067 humida
1065 4015 1133 4086 figu-

100 4081 177 4139 inierat
187 4091 291 4161 Tarpeii
303 4091 414 4158 montis,
428 4092 584 4162 interprete·
628 4106 685 4146 rute
703 4091 768 4145 dicit
788 4107 814 4146 et
833 4108 929 4147 ornatu
948 4099 1074 4167 poetico,
1100 4113 1134 4146 ne

101 4159 184 4220 bitom
197 4172 361 4240 slsuttaeflo
373 4185 437 4226 note
451 4171 583 4243 pudicitie
630 4175 689 4244 quis
707 4173 834 4245 triumphi
850 4191 977 4246 pompm
995 4179 1080 4246 ipsam
1100 4174 1132 4225 ad
