2810 4978
320 449 386 514 316
619 441 883 508 PROPERTH
906 439 996 505 ΗΒ.
1022 441 1072 505 ΙΙ.

364 578 496 666 Hospes
509 573 543 638 in
556 566 741 662 hospitium
754 565 910 635 Menelao
921 567 1015 634 venit
1025 563 1177 649 adulter;

411 679 544 748 Colchis
558 694 592 745 et
604 680 757 769 ignotum
769 698 883 743 nonne
895 691 1040 769 sequuta
1054 678 1167 742 virum
1177 679 1247 742 est?

364 796 505 884 Lynceu
515 841 523 870 ,
535 803 618 856 tune
630 811 740 860 meam
753 787 908 880 potuisti,
922 783 1068 878 perfide,
1083 808 1201 852 curam

414 905 590 992 Tangere?
602 923 717 966 nonne
728 913 796 964 tuae
808 913 881 964 turn
894 893 1046 964 cecidere
1059 901 1201 963 manus?
1323 923 1349 959 ιο

365 1009 476 1099 Quid?
489 1012 517 1077 si
529 1033 599 1077 non
611 1025 770 1076 constans
782 1005 840 1074 illu
850 1023 884 1074 et
895 1021 965 1073 tem
977 1020 1069 1074 certa
1079 1005 1213 1089 fuisset,

412 1130 532 1192 Posses
546 1125 580 1189 in
592 1138 687 1189 tanto
702 1123 816 1188 vivere
828 1117 979 1212 flagitio?

365 1239 420 1303 Tu
431 1234 514 1302 mibi
526 1232 580 1301 vel
591 1234 681 1302 ferro
693 1249 829 1325 pectus,
841 1229 896 1298 vel
907 1229 1012 1324 perde
1022 1253 1174 1298 veneno:

413 1345 589 1414 Adomino
600 1361 733 1414 tantum
745 1360 779 1412 te
790 1342 894 1412 modo
905 1341 986 1412 tolle
997 1365 1084 1410 meu.
1125 1335 1129 1354 ¹

367 1459 417 1523 Te
429 1457 559 1522 socium
571 1456 712 1535 vitae‚te
724 1455 876 1545 corporis
888 1475 962 1520 esse
973 1451 1103 1537 licebit;
1328 1457 1352 1514 15

415 1569 465 1632 Te
475 1564 653 1632 dominum
664 1563 805 1631 admitto
817 1561 1190 1646 rebus,amice,meis;

367 1679 471 1742 Lecto
483 1689 515 1740 te
529 1671 656 1753 solum,
668 1671 755 1739 lecto
767 1687 800 1739 te
814 1668 979 1763 deprecor
991 1693 1080 1738 uno:

417 1783 570 1853 Rivalem
580 1807 721 1876 possum
733 1807 802 1851 non
815 1805 877 1875 ego
889 1782 977 1849 ferre
988 1786 1119 1851 Jovem.

322 1897 327 1914 “
372 1901 450 1991 lpse
461 1895 680 1978 measssolus,
693 1887 786 1990 quod
798 1893 845 1961 nil
859 1911 923 1977 est,
937 1893 1079 1962 aemulor
1090 1893 1246 1976 umbras,

416 2007 564 2089 Stultus,
579 2005 672 2103 quod
684 2005 789 2074 stulto
801 2029 892 2100 saepe
903 2009 1022 2074 timore
1034 2023 1155 2074 tremo.
1330 2029 1356 2066 ιο

370 2123 447 2186 Una
459 2133 572 2200 tamen
587 2140 689 2184 causa
702 2131 769 2198 est,
782 2139 851 2210 qua
865 2118 1008 2184 crimina
1018 2131 1112 2184 tanta
1123 2117 1271 2198 remitto,

417 2227 586 2294 Errabant
597 2226 706 2295 multo
719 2224 811 2320 quod
824 2242 883 2294 tua
893 2227 997 2295 verba
1008 2249 1114 2294 mero.

371 2336 435 2406 Sed
447 2360 637 2431 numquam
649 2339 726 2405 vitae
737 2335 831 2405 fallet
842 2360 897 2406 me
909 2361 994 2429 ruga
1004 2360 1152 2406 severae:

360 2525 386 2578 8.
400 2523 526 2596 Ipnotum
543 2526 644 2593 uimm,
659 2526 829 2598 peregrinum
873 2525 983 2598 Scripsit
993 2527 1063 2580 enim
1075 2523 1186 2580 heroica
1196 2523 1326 2585 Ponticus,
1336 2531 1358 2570 et

323 2614 350 2654 et
360 2603 481 2673 ignotum
491 2604 626 2660 Jasonem.
874 2605 971 2678 Lyncei
985 2606 1157 2657 Homericum
1168 2604 1297 2676 ingenium
1305 2597 1358 2652 ridet

358 2697 384 2748 9.
396 2677 606 2752 Perfide,curam
616 2681 830 2755 TanqerePEditi
875 2686 973 2738 Noster
986 2701 1023 2736 vs.
1041 2682 1086 2752 45.

322 2759 398 2812 libri:
409 2763 632 2836 tanyerecuram?
643 2757 831 2832 Pefide‚non-
914 2764 953 2830 14.
973 2763 1088 2815 Tantum
1105 2763 1201 2824 modo,-
1222 2758 1356 2832 disjunctis,

322 2857 356 2889 ne
370 2849 435 2904 tuce,
451 2851 502 2892 etc.
513 2840 632 2890 Firmant
643 2841 760 2910 priorem
770 2857 831 2891 ver·
876 2857 906 2895 ut
916 2863 996 2917 sepe,
1008 2841 1130 2916 sylinbiu
1140 2841 1193 2894 hoc
1203 2856 1254 2909 est,
1264 2850 1358 2894 urum·

321 2915 420 2968 borum
440 2917 561 2970 ordinem
583 2917 675 2989 scripti
698 2917 829 2970 melioret.
875 2923 963 2976 modo.

322 3025 356 3035 -
371 2997 465 3048 Curam
482 3015 584 3063 meam,
602 3015 662 3069 que
680 2997 745 3048 mibi
763 3015 831 3050 curer
916 3002 955 3054 16.
975 3002 1012 3054 Te
1029 3001 1185 3068 dominum,
1204 3014 1255 3053 etc.
1271 2993 1361 3072 pertiti·

322 3074 414 3146 puella
431 3077 632 3129 est—Nonne
648 3087 698 3129 tuoe
716 3087 772 3127 tum
788 3095 831 3128 ce·
876 3100 937 3154 pern
953 3095 980 3132 te
999 3079 1192 3152 dominumque
1208 3081 1276 3132 facio
1290 3091 1360 3129 rem

322 3158 406 3209 cidere
428 3160 548 3211 manus?
572 3159 672 3209 Pariter
698 3156 829 3224 ovidius,
877 3163 994 3212 omnium
1010 3177 1138 3213 mearum.

321 3237 425 3287 Amorr.
442 3238 470 3302 1,
488 3226 518 3306 7⁸,
536 3235 583 3301 23,
602 3229 768 3288 Ιιιοιΐιοιιιῑιιιιι
787 3253 831 3287 ex·
915 3259 955 3311 ¹9·
971 3241 1046 3294 dieat
1057 3241 1161 3294 umbras
1173 3237 1297 3300 emulor,
1307 3237 1362 3288 tirt-

322 3315 452 3386 probrans
483 3315 534 3368 sibi
562 3317 706 3370 Corinnam
733 3332 828 3370 suam:
875 3319 928 3372 lem
946 3321 1026 3372 timeo
1037 3323 1124 3392 ipsum
1142 3317 1266 3370 umbram
1282 3331 1360 3366 mettr-

327 3398 415 3447 utute
432 3413 505 3449 meos
522 3395 639 3447 humeris
650 3393 744 3448 vellem
760 3397 831 3446 oeci·
875 3426 907 3437 -
923 3397 1018 3464 Solus,
1034 3416 1117 3469 quurn
1136 3395 1209 3448 solus
1224 3413 1294 3459 tum,
1308 3409 1362 3464 pm·

324 3470 394 3524 disse
406 3473 520 3525 lacertos
532 3495 538 3524 ι
551 3472 648 3524 Utilius
664 3474 741 3545 potui
753 3485 830 3544 parte
876 3491 949 3530 sente
961 3477 1045 3530 nullo.
1056 3505 1092 3518 --
1100 3475 1180 3530 Goni.
1198 3479 1292 3529 inritet.
1308 3469 1362 3525 Gill-

324 3569 414 3604 carere
437 3553 523 3604 mei.»
550 3553 579 3604 in
601 3553 732 3623 Propertii
751 3569 829 3604 versu
877 3539 1047 3628 ndii‚(i‚9.

326 3640 381 3682 mm
406 3649 456 3702 pro
487 3641 550 3683 tunc
574 3630 731 3696 scribimus,
760 3629 833 3683 libris
916 3653 957 3688 ιι.
973 3637 1106 3689 Errabant
1117 3635 1222 3701 multo,
1241 3649 1289 3687 etc.
1302 3627 1363 3684 Sub

325 3707 399 3780 apud
417 3711 597 3762 Burmannum
614 3709 692 3780 longe
712 3709 833 3781 plurimis
877 3726 935 3782 oet,
952 3715 1054 3784 inquit,
1071 3732 1154 3786 quum
1169 3711 1302 3765 tentnristi
1309 3709 1364 3782 (ἶρ-

326 3787 518 3842 addicentibus.
536 3789 604 3842 Vide
625 3804 682 3842 not.
697 3789 732 3842 ad
750 3792 778 3856 1,
800 3807 833 3860 7,
877 3789 969 3858 thiam,
978 3795 1040 3843 vino
1049 3807 1145 3864 ceptus
1153 3809 1213 3845 eras
1223 3806 1250 3846 et
1258 3789 1363 3844 errabant

325 3885 367 3920 ιι.
381 3897 417 3910 -
426 3870 541 3940 lyncem
549 3892 557 3932 ,·
571 3889 670 3922 nornen
684 3869 790 3934 fiotum,
801 3882 831 3920 ut
872 3865 957 3922 'verba
972 3883 1026 3922 tue.

324 3945 375 3996 alia
395 3959 458 3998 sunt
476 3949 503 3999 in
524 3946 687 4000 carminibus
707 3947 765 4015 bis,
782 3946 831 4002 sub
914 3947 957 4000 23.
974 3949 1049 4023 liupo
1065 3950 1124 4002 vitoe
1135 3931 1308 4013 xveroesboc
1320 3957 1364 4006 est,

323 4043 377 4095 qno
387 4024 469 4078 latere
483 4030 639 4094 Ponticum,
652 4025 686 4079 ad
701 4047 780 4100 quem
792 4039 832 4080 est
875 4025 1002 4078 indicium
1016 4047 1081 4100 rugo
1096 4031 1154 4080 vite
1170 4031 1317 4088 severioris
1329 4021 1366 4075 θά-

251 4153 258 4164 ,
324 4102 532 4175 elegia7libri1
540 4144 549 4174 ‚
567 4109 747 4176 conjectemus
758 4103 830 4160 licet.
876 4119 983 4178 spectus
1005 4105 1120 4178 rigidus,
1142 4127 1198 4180 quo
1218 4129 1246 4164 se
1264 4105 1365 4182 philoso-
