2808 4974
316 497 382 540 210
613 469 879 534 PROPERTH
904 469 993 533 LlB.
1020 469 1069 532 ll.

360 605 441 667 Haec
452 597 536 666 mihi
550 596 688 665 devictis
701 598 813 689 potior
824 598 962 665 victoria
977 595 1126 680 Parthis,

407 713 489 776 Haec
501 706 623 800 spolia,
635 705 710 776 haec
721 729 835 800 reges,
847 703 922 774 haec
933 704 1017 773 mihi
1028 729 1149 774 currus
1162 726 1271 776 erunt.

357 825 482 914 Magna
496 843 558 912 ego
570 819 731 887 donatus
743 817 859 911 figam,
873 816 1040 912 Cytherea
1051 868 1061 900 ,
1073 816 1247 904 columne,
1327 827 1355 878 2⁵

405 930 559 1025 'saleque
571 929 636 999 sub
648 947 766 998 nostro
778 933 918 998 nomine
929 952 1068 997 cutmen
1079 931 1162 996 erit:

358 1047 428 1111 Has
439 1068 524 1138 pono
535 1055 609 1109 ante
622 1056 711 1108 tuam
726 1043 799 1123 tibi,
813 1042 906 1123 diva,
920 1042 1104 1138 Propertius
1117 1041 1214 1109 edem

402 1155 564 1234 Exuvias,
581 1165 645 1220 tola
660 1166 749 1219 nocte
761 1164 900 1246 reoeplus
912 1175 1034 1219 amasus.

358 1260 532 1332 'Nuncud
544 1281 596 1346 te,
610 1287 687 1332 mes
699 1262 775 1344 lux,
789 1265 904 1331 veniat
914 1287 990 1331 mea
1001 1261 1100 1352 litore
1112 1265 1208 1330 nevis

403 1377 556 1454 Servata,
571 1396 616 1440 un
628 1371 748 1440 mediis
762 1369 852 1440 sidat
862 1389 985 1440 onusta
995 1369 1122 1440 vedis*
1327 1383 1357 1436 3ο

309 1529 590 1583 Rectiusfortssseits
602 1530 819 1602 accipies,eigni·
863 1531 961 1582 steteris
983 1543 1010 1582 et
1031 1528 1178 1599 elegantius
1204 1540 1230 1580 et
1253 1527 1357 1598 apennis

309 1610 461 1662 ficationem
472 1608 552 1680 hujus
569 1609 693 1663 vocabuli
702 1612 817 1682 positum
863 1607 1012 1662 d'Orvillius
1044 1608 1173 1680 expressit
1201 1603 1357 1659 scribendus

309 1689 334 1752 1,
350 1685 398 1756 15,
408 1687 441 1756 4,
454 1707 535 1760 quum
546 1691 601 1760 jam
612 1687 767 1742 adverbium
775 1691 819 1744 iu·
865 1689 968 1740 sNune
979 1689 1007 1740 s'n
1022 1699 1064 1753 te,
1075 1705 1135 1739 mea
1149 1685 1210 1752 lux,
1223 1687 1358 1738 venissen

308 1770 393 1833 fetat,
407 1767 481 1841 quod
494 1766 633 1840 precedit,
639 1767 749 1838 fnulrd.
863 1766 941 1820 litora
951 1765 1026 1821 iistis
1037 1765 1161 1835 Servate,
1176 1785 1211 1820 en
1224 1766 1314 1819 mediis
1327 1766 1358 1818 si·

346 1847 388 1915 sl.
396 1845 594 1920 Spolia‚viuoti
602 1865 671 1922 repes
680 1859 707 1899 et
716 1863 817 1913 curtus,
863 1847 910 1902 dat
931 1861 1027 1902 onusta
1045 1847 1142 1902 vedius
1160 1871 1171 1896 ι
1191 1861 1222 1900 ut
1243 1849 1273 1899 in
1289 1857 1312 1899 le
1328 1857 1360 1899 est

308 1928 400 1980 omnis
419 1945 478 1999 quse
496 1924 530 1979 ed
551 1925 717 1998 triumphum
735 1927 817 1998 perti·
862 1947 938 1982 mose
953 1929 1045 1982 Gtoeoo
1059 1927 1207 1993 diceretur,
1225 1945 1302 1998 quem
1317 1942 1359 1978 net

309 2019 382 2059 ¹¹⁸⁰ss
862 2010 972 2065 Ovidius
987 2013 1100 2083 sprevit,
1115 2009 1221 2062 Metam.
1237 2009 1300 2074 vn,
1316 2005 1359 2072 sl,

346 2084 389 2137 25.
415 2081 546 2136 Columna
569 2093 634 2148 tua,
661 2081 755 2156 templi
777 2085 817 2136 tui
865 2087 1197 2154 «vivatanilteoccidat,
1213 2085 1356 2140 ledisset-⁸

308 2162 449 2238 postibus‚
477 2173 540 2215 ante
570 2173 643 2215 tuam
667 2163 767 2230 oedun,
787 2177 818 2216 nt
862 2167 997 2222 Sententia
1014 2166 1122 2241 quidem
1140 2165 1227 2238 probe
1248 2179 1301 2230 est,
1318 2182 1358 2215 ne·

308 2263 371 2296 mox
380 2257 427 2297 est.
437 2273 474 2284 --
483 2245 535 2296 Sub
546 2253 631 2296 nostro
645 2245 762 2298 nomine.
779 2245 818 2298 Ex
862 2265 914 2318 que
925 2247 960 2300 ab
972 2266 1017 2313 re,
1034 2245 1082 2300 sed
1096 2245 1130 2298 sb
1147 2244 1228 2316 hujus
1245 2243 1358 2296 emstotit

307 2321 354 2375 illo
371 2321 429 2375 solo
444 2321 512 2374 libro
527 2319 654 2390 Sceligen'
669 2342 724 2376 non
743 2323 817 2380 bono
861 2343 976 2397 pet-seno
995 2324 1097 2386 alienu
1113 2323 1159 2395 qui
1174 2333 1237 2393 post
1255 2321 1310 2374 lunc
1323 2320 1359 2370 lei-

308 2415 446 2474 reeeptum
473 2401 508 2454 uls
533 2399 684 2454 editoribus
707 2415 749 2458 ost
771 2405 818 2460 suls
861 2401 1114 2476 gideetlunfluide,
1127 2397 1359 2472 quibusiupuelle

308 2495 396 2538 nostro
407 2502 521 2535 munere.
533 2481 659 2534 Defendit
669 2483 817 2540 Lachmon-
861 2495 994 2554 potestate
1007 2483 1123 2553 positum
1132 2477 1213 2547 dicit,
1223 2482 1251 2532 in
1261 2491 1360 2550 portum

307 2581 359 2615 nus
374 2563 497 2626 nomine,
510 2559 583 2633 quod
596 2574 691 2632 preter
704 2561 817 2618 Codices
861 2564 950 2616 veniat
964 2565 1038 2614 nevis
1050 2579 1084 2614 uu
1096 2561 1123 2612 in
1135 2559 1225 2613 medio
1239 2577 1319 2612 eursu
1332 2557 1361 2610 si·

310 2642 450 2713 sequentis
460 2639 620 2692 confirmant
632 2661 639 2691 s
658 2642 732 2693 -uas
742 2661 815 2713 pono
861 2641 917 2708 dut,
926 2642 972 2694 ubi
980 2654 1043 2714 post
1050 2638 1358 2710 hucpertexeritdinese:

309 2734 373 2773 ante
392 2733 466 2772 tuam
487 2718 551 2786 tihi,
572 2717 649 2786 dive,
667 2721 817 2791 Paupertius
864 2717 1004 2786 «Quodsi
1020 2719 1088 2770 forte
1104 2717 1193 2787 ulique
1210 2717 1290 2770 uobis
1305 2733 1358 2768 mu·

308 2800 393 2854 sedem
408 2800 552 2854 Exuvias·
568 2801 693 2853 Formule
711 2815 751 2853 est
770 2804 817 2856 sub
861 2797 953 2850 tubere
969 2793 1065 2868 culpe,
1082 2795 1252 2848 Vestibulum
1267 2799 1359 2868 jessen

309 2893 396 2936 nostro
415 2880 543 2948 nomines
557 2899 637 2953 quam
650 2883 678 2934 in
695 2901 725 2934 re
737 2881 816 2936 simili
862 2887 983 2928 mortuus
997 2889 1059 2928 aute
1078 2879 1168 2928 tuuml
1182 2899 1195 2923 ι
1212 2874 1360 2940 mitum‚ni

309 2977 469 3032 poneremus
487 2975 594 3030 quoque
615 2978 686 3014 nos:
709 2961 749 3014 οη
767 2959 818 3014 lim
862 2954 973 3028 Cynthio
992 2954 1064 3008 huuc
1077 2953 1180 3008 lentum
1200 2973 1231 3008 ee
1246 2954 1360 3027 frigidum

308 3059 367 3094 sous
380 3057 445 3092 mon
458 3055 537 3104 nom,
553 3036 672 3092 l's‘erirni
685 3057 743 3094 sous
754 3058 817 3092 niun
864 3049 1010 3088 amatorem
1038 3037 1106 3088 mori
1131 3036 1221 3107 potius
1245 3035 1360 3107 jusserit,

310 3138 372 3172 nom
383 3155 392 3183 ‚
405 3131 457 3170 ete.
864 3133 945 3187 quum
957 3114 1014 3168 eliis
1030 3113 1202 3168 calidioribus
1216 3113 1359 3186 praetulerit.

348 3197 392 3250 ns.
403 3197 526 3250 Exuvias.
536 3195 676 3268 Triumphi
685 3197 821 3270 metapho-
863 3195 905 3248 Ab
920 3195 1003 3250 sltem
1020 3209 1096 3268 pst-te
1114 3193 1289 3248 Marklandus
1304 3207 1360 3258 stet,

310 3293 367 3328 rum
379 3275 527 3326 continuat.
543 3276 593 3326 Pro
608 3277 743 3346 suspensis
755 3295 820 3329 exu-
865 3277 911 3346 qui
922 3273 973 3328 ltus
984 3276 1121 3328 venusin
1134 3275 1240 3346 refingit
1251 3297 1258 3328 ι
1271 3275 1361 3326 :Nune

311 3355 360 3406 viis
373 3364 464 3418 erunt,
474 3371 531 3424 quae
544 3351 616 3404 doun
629 3352 697 3406 feret
711 3357 819 3408 Veneri.
863 3352 898 3406 ud
910 3365 949 3421 te,
965 3372 1024 3410 mee
1042 3353 1101 3422 lux,
1120 3355 1207 3408 ueniet
1221 3373 1281 3406 meu
1293 3354 1361 3408 litote

349 3429 505 3502 29.‘Nune
522 3429 820 3486 adse-..sidetouuste
863 3435 937 3486 nevis
960 3433 1093 3486 Servetul
1121 3452 1156 3485 sn
1186 3433 1280 3487 mediis
1306 3431 1362 3486 silet

311 3507 409 3562 vadis-⁸
423 3506 552 3560 Codicum
564 3507 741 3580 plurimorum
754 3514 820 3564 scn'·
864 3527 961 3566 0nusts
969 3509 1084 3566 vedis?-
1100 3514 1148 3566 llic
1159 3513 1268 3584 quidem
1278 3511 1362 3566 melius

311 3603 390 3660 ptura
401 3585 472 3652 huc,
484 3585 531 3638 sed
541 3587 569 3638 in
585 3605 637 3660 quu
650 3605 743 3642 seusus
759 3607 818 3642 mu·
864 3605 921 3657 est,
936 3604 962 3644 et
977 3591 1021 3644 sui
1039 3593 1159 3663 quumvis
1175 3592 1273 3646 timido
1283 3589 1362 3665 puelle

311 3668 408 3720 nileste
424 3685 482 3720 uon
497 3679 608 3720 mustus.
628 3669 668 3720 De
686 3687 714 3721 re
732 3669 820 3722 Loeh-
864 3670 989 3726 libentius
1000 3669 1087 3724 cedat.
1101 3670 1154 3724 Sed
1168 3670 1213 3724 illo
1230 3675 1289 3745 ipss
1302 3672 1363 3724 tini·

312 3763 440 3796 munuum
458 3759 636 3816 exponentem
650 3745 713 3798 nudi
728 3769 734 3800 =
755 3749 819 3817 Qum
865 3747 1016 3801 ditashunc
1029 3751 1117 3821 ipsum
1127 3769 1182 3802 nou
1192 3749 1284 3819 decet,
1300 3750 1362 3820 Qus·

312 3823 441 3878 viridoeti
449 3827 647 3898 excogitarunt,
658 3847 820 3902 quemquem
865 3846 926 3880 cum
945 3827 1036 3880 habuit
1053 3829 1167 3900 positum
1189 3829 1263 3884 lenta
1280 3825 1361 3902 puelle

313 3902 490 3958 diversissima
511 3919 588 3974 sunt,
606 3909 633 3958 in
654 3908 720 3961 duas
744 3912 819 3984 quusi
865 3917 951 3980 caput.
968 3907 1058 3974 Quare
1074 3908 1151 3962 nobis
1171 3927 1270 3960 novam
1290 3909 1361 3960 nuo·

314 3981 413 4036 classes
436 3984 528 4038 selesei
550 4000 673 4057 possunt.
697 3987 819 4060 Plerique
865 4007 926 4042 nem
934 3991 1056 4060 ingressis
1064 3988 1136 4042 sliutl
1144 3989 1188 4042 hie
1198 3987 1360 4044 latomis-u

313 4061 471 4138 enimverlsa
479 4063 682 4120 emendandum
690 4085 820 4122 eumssn-
866 4083 921 4135 est,
930 4087 1025 4142 nempe
1035 4067 1087 4122 lene
1098 4091 1106 4120 ·.
1119 4071 1213 4124 uNuno
1221 4071 1255 4124 de
1264 4082 1360 4136 temes

313 4160 373 4194 sum
387 4139 553 4197 studuerunt.
562 4143 722 4216 deflentes-e,
741 4167 820 4220 quent
865 4149 1358 4206 luszuenitneslitoteuusisSets¹⁸⁸=
