<?xml version="1.0" encoding="UTF-8"?>
<!DOCTYPE html PUBLIC "-//W3C//DTD XHTML 1.0 Transitional//EN"
    "http://www.w3.org/TR/xhtml1/DTD/xhtml1-transitional.dtd">
<html xmlns="http://www.w3.org/1999/xhtml" xml:lang="en" lang="en">
 <head>
  <title>
</title>
<meta http-equiv="Content-Type" content="text/html;charset=utf-8" />
  <meta name='ocr-system' content='tesseract 3.04.00' />
  <meta name='ocr-capabilities' content='ocr_page ocr_carea ocr_par ocr_line ocrx_word'/>
</head>
<body>
  <div class='ocr_page' id='page_1' title='image "./sextiaureliipro00goog_0255.png"; bbox 0 0 2808 4974; ppageno 0'>
   <div class='ocr_carea' id='block_1_1' title="bbox 339 597 755 896">
    <p class='ocr_par' dir='ltr' id='par_1_1' title="bbox 339 597 755 896">
     <span class='ocr_line' id='line_1_1' title="bbox 339 597 755 728; baseline 0.002 -2"><span class='ocrx_word' id='word_1_1' title='bbox 339 597 589 727; x_wconf 76' lang='lat' dir='ltr'>unucut</span> <span class='ocrx_word' id='word_1_2' title='bbox 617 608 755 728; x_wconf 78' lang='lat' dir='ltr'>xxi.</span> 
     </span>
     <span class='ocr_line' id='line_1_2' title="bbox 361 829 723 896; baseline 0 -2"><span class='ocrx_word' id='word_1_3' title='bbox 361 829 428 894; x_wconf 81' lang='lat' dir='ltr'>AD</span> <span class='ocrx_word' id='word_1_4' title='bbox 454 829 723 896; x_wconf 76' lang='lat' dir='ltr'>CYNTHIAM.</span> 
     </span>
    </p>
   </div>
   <div class='ocr_carea' id='block_1_2' title="bbox 430 1167 663 1208">
    <p class='ocr_par' dir='ltr' id='par_1_2' title="bbox 430 1167 663 1208">
     <span class='ocr_line' id='line_1_3' title="bbox 430 1167 663 1208; baseline -0.004 -1"><span class='ocrx_word' id='word_1_5' title='bbox 430 1167 663 1208; x_wconf 65' lang='lat' dir='ltr'>ABGUMMUU.</span> 
     </span>
    </p>
   </div>
   <div class='ocr_carea' id='block_1_3' title="bbox 58 1263 1075 1450">
    <p class='ocr_par' dir='ltr' id='par_1_3' title="bbox 58 1263 1075 1450">
     <span class='ocr_line' id='line_1_4' title="bbox 86 1263 1075 1355; baseline 0.008 -29"><span class='ocrx_word' id='word_1_6' title='bbox 86 1263 251 1328; x_wconf 75' lang='lat' dir='ltr'>confirmari</span> <span class='ocrx_word' id='word_1_7' title='bbox 268 1279 382 1330; x_wconf 81' lang='lat' dir='ltr'>eventu</span> <span class='ocrx_word' id='word_1_8' title='bbox 399 1269 485 1352; x_wconf 84' lang='lat' dir='ltr'>quod</span> <span class='ocrx_word' id='word_1_9' title='bbox 497 1283 598 1331; x_wconf 84' lang='lat' dir='ltr'>certus</span> <span class='ocrx_word' id='word_1_10' title='bbox 617 1268 823 1352; x_wconf 71' lang='lat' dir='ltr'>praedixerat:</span> <span class='ocrx_word' id='word_1_11' title='bbox 840 1270 954 1332; x_wconf 85' lang='lat' dir='ltr'>Panthi</span> <span class='ocrx_word' id='word_1_12' title='bbox 971 1271 1075 1355; x_wconf 85' lang='lat' dir='ltr'>cujus-</span> 
     </span>
     <span class='ocr_line' id='line_1_5' title="bbox 58 1357 1075 1450; baseline 0.012 -31"><span class='ocrx_word' id='word_1_13' title='bbox 58 1357 111 1420; x_wconf 84' lang='lat' dir='ltr'>dam</span> <span class='ocrx_word' id='word_1_14' title='bbox 126 1360 244 1443; x_wconf 86' lang='lat' dir='ltr'>perfidia</span> <span class='ocrx_word' id='word_1_15' title='bbox 261 1361 391 1446; x_wconf 88' lang='lat' dir='ltr'>ejectum</span> <span class='ocrx_word' id='word_1_16' title='bbox 409 1387 440 1426; x_wconf 82' lang='lat' dir='ltr'>se</span> <span class='ocrx_word' id='word_1_17' title='bbox 454 1387 534 1442; x_wconf 82' lang='lat' dir='ltr'>esse,</span> <span class='ocrx_word' id='word_1_18' title='bbox 554 1387 639 1426; x_wconf 91' lang='lat' dir='ltr'>nunc</span> <span class='ocrx_word' id='word_1_19' title='bbox 653 1365 788 1426; x_wconf 83' lang='lat' dir='ltr'>vicissim</span> <span class='ocrx_word' id='word_1_20' title='bbox 804 1365 843 1426; x_wconf 88' lang='lat' dir='ltr'>ab</span> <span class='ocrx_word' id='word_1_21' title='bbox 863 1367 920 1428; x_wconf 81' lang='lat' dir='ltr'>isto</span> <span class='ocrx_word' id='word_1_22' title='bbox 937 1383 1075 1450; x_wconf 83' lang='lat' dir='ltr'>spretam</span> 
     </span>
    </p>
   </div>
   <div class='ocr_carea' id='block_1_4' title="bbox 56 1457 1076 1733">
    <p class='ocr_par' dir='ltr' id='par_1_4' title="bbox 56 1457 1076 1733">
     <span class='ocr_line' id='line_1_6' title="bbox 57 1457 1076 1548; baseline 0.014 -30"><span class='ocrx_word' id='word_1_23' title='bbox 57 1457 150 1520; x_wconf 82' lang='lat' dir='ltr'>irrideri</span> <span class='ocrx_word' id='word_1_24' title='bbox 166 1459 312 1524; x_wconf 79' lang='lat' dir='ltr'>desertam</span> <span class='ocrx_word' id='word_1_25' title='bbox 332 1463 510 1548; x_wconf 79' lang='lat' dir='ltr'>Cynthium.</span> <span class='ocrx_word' id='word_1_26' title='bbox 530 1467 598 1526; x_wconf 90' lang='lat' dir='ltr'>Hoc</span> <span class='ocrx_word' id='word_1_27' title='bbox 618 1465 748 1540; x_wconf 80' lang='lat' dir='ltr'>amisso,</span> <span class='ocrx_word' id='word_1_28' title='bbox 767 1465 884 1546; x_wconf 87' lang='lat' dir='ltr'>inquit,</span> <span class='ocrx_word' id='word_1_29' title='bbox 902 1467 999 1528; x_wconf 85' lang='lat' dir='ltr'>alium</span> <span class='ocrx_word' id='word_1_30' title='bbox 1016 1470 1076 1532; x_wconf 87' lang='lat' dir='ltr'>lide</span> 
     </span>
     <span class='ocr_line' id='line_1_7' title="bbox 58 1555 1075 1646; baseline 0.011 -30"><span class='ocrx_word' id='word_1_31' title='bbox 58 1555 186 1619; x_wconf 79' lang='lat' dir='ltr'>mdiorcm</span> <span class='ocrx_word' id='word_1_32' title='bbox 206 1561 337 1642; x_wconf 69' lang='lat' dir='ltr'>queris?</span> <span class='ocrx_word' id='word_1_33' title='bbox 356 1563 460 1638; x_wconf 89' lang='lat' dir='ltr'>Mitte,</span> <span class='ocrx_word' id='word_1_34' title='bbox 482 1561 625 1640; x_wconf 88' lang='lat' dir='ltr'>credula,</span> <span class='ocrx_word' id='word_1_35' title='bbox 649 1582 771 1645; x_wconf 81' lang='lat' dir='ltr'>sperare</span> <span class='ocrx_word' id='word_1_36' title='bbox 787 1585 795 1622; x_wconf 74' lang='grc' dir='ltr'><strong>ι</strong></span> <span class='ocrx_word' id='word_1_37' title='bbox 812 1584 893 1624; x_wconf 89' lang='lat' dir='ltr'>unus</span> <span class='ocrx_word' id='word_1_38' title='bbox 914 1585 971 1646; x_wconf 81' lang='lat' dir='ltr'>ego</span> <span class='ocrx_word' id='word_1_39' title='bbox 991 1586 1075 1642; x_wconf 83' lang='lat' dir='ltr'>sum,</span> 
     </span>
     <span class='ocr_line' id='line_1_8' title="bbox 56 1655 540 1733; baseline 0.01 -18"><span class='ocrx_word' id='word_1_40' title='bbox 56 1655 95 1733; x_wconf 85' lang='lat' dir='ltr'>qui</span> <span class='ocrx_word' id='word_1_41' title='bbox 104 1667 129 1715; x_wconf 89' lang='lat' dir='ltr'>te</span> <span class='ocrx_word' id='word_1_42' title='bbox 138 1671 306 1720; x_wconf 67' lang='lat' dir='ltr'>constanter</span> <span class='ocrx_word' id='word_1_43' title='bbox 319 1677 424 1719; x_wconf 82' lang='lat' dir='ltr'>amare</span> <span class='ocrx_word' id='word_1_44' title='bbox 434 1656 540 1720; x_wconf 87' lang='lat' dir='ltr'>didici.</span> 
     </span>
    </p>
   </div>
   <div class='ocr_carea' id='block_1_5' title="bbox 494 1845 606 1864">
    <p class='ocr_par' dir='ltr' id='par_1_5' title="bbox 494 1845 606 1864">
     <span class='ocr_line' id='line_1_9' title="bbox 494 1845 606 1864; baseline 0.009 -4"><span class='ocrx_word' id='word_1_45' title='bbox 494 1845 606 1864; x_wconf 60' lang='lat' dir='ltr'>tur-</span> 
     </span>
    </p>
   </div>
   <div class='ocr_carea' id='block_1_6' title="bbox 88 1961 906 2099">
    <p class='ocr_par' dir='ltr' id='par_1_6' title="bbox 88 1961 906 2099">
     <span class='ocr_line' id='line_1_10' title="bbox 88 1961 906 2099; baseline 0.004 -29"><span class='ocrx_word' id='word_1_46' title='bbox 88 1961 322 2098; x_wconf 67' lang='lat' dir='ltr'>Aliquantum</span> <span class='ocrx_word' id='word_1_47' title='bbox 334 2004 376 2073; x_wconf 89' lang='lat' dir='ltr'>de</span> <span class='ocrx_word' id='word_1_48' title='bbox 388 2030 443 2073; x_wconf 90' lang='lat' dir='ltr'>me</span> <span class='ocrx_word' id='word_1_49' title='bbox 455 2004 575 2072; x_wconf 83' lang='lat' dir='ltr'>Panthi</span> <span class='ocrx_word' id='word_1_50' title='bbox 587 2003 648 2072; x_wconf 86' lang='lat' dir='ltr'>tibi</span> <span class='ocrx_word' id='word_1_51' title='bbox 660 2007 782 2099; x_wconf 77' lang='lat' dir='ltr'>pagina</span> <span class='ocrx_word' id='word_1_52' title='bbox 795 2005 906 2088; x_wconf 85' lang='lat' dir='ltr'>finxit,</span> 
     </span>
    </p>
   </div>
   <div class='ocr_carea' id='block_1_7' title="bbox 16 2114 842 2200">
    <p class='ocr_par' dir='ltr' id='par_1_7' title="bbox 16 2114 842 2200">
     <span class='ocr_line' id='line_1_11' title="bbox 16 2114 842 2200; baseline -0.001 -17"><span class='ocrx_word' id='word_1_53' title='bbox 16 2165 18 2200; x_wconf 73' lang='lat'>,</span> <span class='ocrx_word' id='word_1_54' title='bbox 122 2117 263 2182; x_wconf 85' lang='lat' dir='ltr'>Tantum</span> <span class='ocrx_word' id='word_1_55' title='bbox 274 2114 324 2182; x_wconf 89' lang='lat' dir='ltr'>illi</span> <span class='ocrx_word' id='word_1_56' title='bbox 337 2115 466 2184; x_wconf 84' lang='lat' dir='ltr'>Pantho</span> <span class='ocrx_word' id='word_1_57' title='bbox 478 2139 522 2183; x_wconf 91' lang='lat' dir='ltr'>ne</span> <span class='ocrx_word' id='word_1_58' title='bbox 535 2117 578 2182; x_wconf 88' lang='lat' dir='ltr'>sit</span> <span class='ocrx_word' id='word_1_59' title='bbox 588 2119 697 2184; x_wconf 84' lang='lat' dir='ltr'>amica</span> <span class='ocrx_word' id='word_1_60' title='bbox 708 2121 842 2184; x_wconf 85' lang='lat' dir='ltr'>Venus!</span> 
     </span>
    </p>
   </div>
   <div class='ocr_carea' id='block_1_8' title="bbox 86 2221 845 2320">
    <p class='ocr_par' dir='ltr' id='par_1_8' title="bbox 86 2221 845 2320">
     <span class='ocr_line' id='line_1_12' title="bbox 86 2221 845 2320; baseline 0.003 -30"><span class='ocrx_word' id='word_1_61' title='bbox 86 2221 138 2290; x_wconf 87' lang='lat' dir='ltr'>Sed</span> <span class='ocrx_word' id='word_1_62' title='bbox 151 2224 287 2320; x_wconf 83' lang='lat' dir='ltr'>tihijam</span> <span class='ocrx_word' id='word_1_63' title='bbox 301 2223 418 2293; x_wconf 82' lang='lat' dir='ltr'>videor</span> <span class='ocrx_word' id='word_1_64' title='bbox 433 2224 576 2294; x_wconf 93' lang='lat' dir='ltr'>Dodona</span> <span class='ocrx_word' id='word_1_65' title='bbox 590 2228 701 2294; x_wconf 84' lang='lat' dir='ltr'>verior</span> <span class='ocrx_word' id='word_1_66' title='bbox 715 2231 845 2320; x_wconf 77' lang='lat' dir='ltr'>augur?</span> 
     </span>
    </p>
   </div>
   <div class='ocr_carea' id='block_1_9' title="bbox 16 2333 846 2431">
    <p class='ocr_par' dir='ltr' id='par_1_9' title="bbox 16 2333 846 2431">
     <span class='ocr_line' id='line_1_13' title="bbox 16 2333 846 2431; baseline 0 -27"><span class='ocrx_word' id='word_1_67' title='bbox 16 2339 18 2414; x_wconf 83' lang='lat' dir='ltr'>l</span> <span class='ocrx_word' id='word_1_68' title='bbox 123 2339 266 2406; x_wconf 83' lang='lat' dir='ltr'>Uxorem</span> <span class='ocrx_word' id='word_1_69' title='bbox 276 2333 332 2404; x_wconf 90' lang='lat' dir='ltr'>ille</span> <span class='ocrx_word' id='word_1_70' title='bbox 343 2353 423 2405; x_wconf 86' lang='lat' dir='ltr'>tuus</span> <span class='ocrx_word' id='word_1_71' title='bbox 436 2335 580 2431; x_wconf 82' lang='lat' dir='ltr'>pulcher</span> <span class='ocrx_word' id='word_1_72' title='bbox 593 2353 723 2405; x_wconf 78' lang='lat' dir='ltr'>amator</span> <span class='ocrx_word' id='word_1_73' title='bbox 734 2335 846 2404; x_wconf 85' lang='lat' dir='ltr'>hahet.</span> 
     </span>
    </p>
   </div>
   <div class='ocr_carea' id='block_1_10' title="bbox 85 2444 1075 2539">
    <p class='ocr_par' dir='ltr' id='par_1_10' title="bbox 85 2444 1075 2539">
     <span class='ocr_line' id='line_1_14' title="bbox 85 2444 1075 2539; baseline 0.002 -29"><span class='ocrx_word' id='word_1_74' title='bbox 85 2444 139 2511; x_wconf 85' lang='lat' dir='ltr'>Tot</span> <span class='ocrx_word' id='word_1_75' title='bbox 149 2461 261 2514; x_wconf 85' lang='lat' dir='ltr'>noctes</span> <span class='ocrx_word' id='word_1_76' title='bbox 273 2447 423 2538; x_wconf 84' lang='lat' dir='ltr'>periere:</span> <span class='ocrx_word' id='word_1_77' title='bbox 437 2444 523 2512; x_wconf 92' lang='lat' dir='ltr'>nihil</span> <span class='ocrx_word' id='word_1_78' title='bbox 535 2445 661 2539; x_wconf 82' lang='lat' dir='ltr'>pudet?</span> <span class='ocrx_word' id='word_1_79' title='bbox 672 2444 826 2538; x_wconf 86' lang='lat' dir='ltr'>adspice,</span> <span class='ocrx_word' id='word_1_80' title='bbox 838 2457 952 2514; x_wconf 83' lang='lat' dir='ltr'>cantat</span> <span class='ocrx_word' id='word_1_81' title='bbox 1060 2461 1075 2512; x_wconf 84' lang='lat'><strong>5</strong></span> 
     </span>
    </p>
   </div>
   <div class='ocr_carea' id='block_1_11' title="bbox 16 2553 922 2869">
    <p class='ocr_par' dir='ltr' id='par_1_11' title="bbox 16 2553 922 2874">
     <span class='ocr_line' id='line_1_15' title="bbox 16 2553 834 2662; baseline 0 -40"><span class='ocrx_word' id='word_1_82' title='bbox 16 2623 18 2662; x_wconf 72' lang='lat'>,</span> <span class='ocrx_word' id='word_1_83' title='bbox 121 2554 458 2639; x_wconf 79' lang='lat' dir='ltr'>Lihcrztu,nimium</span> <span class='ocrx_word' id='word_1_84' title='bbox 473 2555 631 2640; x_wconf 86' lang='lat' dir='ltr'>credula,</span> <span class='ocrx_word' id='word_1_85' title='bbox 646 2553 834 2649; x_wconf 82' lang='lat' dir='ltr'>solajaces!</span> 
     </span>
     <span class='ocr_line' id='line_1_16' title="bbox 85 2661 922 2758; baseline 0.001 -26.924"><span class='ocrx_word' id='word_1_86' title='bbox 85 2665 118 2731; x_wconf 84' lang='lat' dir='ltr'>Et</span> <span class='ocrx_word' id='word_1_87' title='bbox 126 2689 214 2733; x_wconf 89' lang='lat' dir='ltr'>nuuc</span> <span class='ocrx_word' id='word_1_88' title='bbox 224 2667 314 2732; x_wconf 89' lang='lat' dir='ltr'>iuter</span> <span class='ocrx_word' id='word_1_89' title='bbox 324 2689 383 2732; x_wconf 90' lang='lat' dir='ltr'>eos</span> <span class='ocrx_word' id='word_1_90' title='bbox 397 2681 435 2733; x_wconf 90' lang='lat' dir='ltr'>tu</span> <span class='ocrx_word' id='word_1_91' title='bbox 448 2688 559 2734; x_wconf 87' lang='lat' dir='ltr'>sermo</span> <span class='ocrx_word' id='word_1_92' title='bbox 571 2689 626 2748; x_wconf 74' lang='lat' dir='ltr'>es,</span> <span class='ocrx_word' id='word_1_93' title='bbox 640 2680 672 2732; x_wconf 87' lang='lat' dir='ltr'>te</span> <span class='ocrx_word' id='word_1_94' title='bbox 685 2663 743 2732; x_wconf 91' lang='lat' dir='ltr'>ille</span> <span class='ocrx_word' id='word_1_95' title='bbox 754 2661 922 2758; x_wconf 81' lang='lat' dir='ltr'>superbus</span> 
     </span>
     <span class='ocr_line' id='line_1_17' title="bbox 122 2772 707 2869; baseline -0.004 -25.46"><span class='ocrx_word' id='word_1_96' title='bbox 122 2779 202 2844; x_wconf 87' lang='lat' dir='ltr'>Dicit</span> <span class='ocrx_word' id='word_1_97' title='bbox 213 2799 251 2845; x_wconf 84' lang='lat' dir='ltr'>se</span> <span class='ocrx_word' id='word_1_98' title='bbox 264 2778 372 2843; x_wconf 85' lang='lat' dir='ltr'>invito</span> <span class='ocrx_word' id='word_1_99' title='bbox 386 2799 475 2869; x_wconf 76' lang='lat' dir='ltr'>saepe</span> <span class='ocrx_word' id='word_1_100' title='bbox 487 2774 591 2844; x_wconf 84' lang='lat' dir='ltr'>fuisse</span> <span class='ocrx_word' id='word_1_101' title='bbox 604 2772 707 2842; x_wconf 85' lang='lat' dir='ltr'>dorni.</span> 
     </span>
    </p>
   </div>
   <div class='ocr_carea' id='block_1_12' title="bbox 16 3049 18 3092">
    <p class='ocr_par' dir='ltr' id='par_1_12' title="bbox 16 3049 18 3092">
     <span class='ocr_line' id='line_1_18' title="bbox 16 3049 18 3092; baseline 0 0"><span class='ocrx_word' id='word_1_102' title='bbox 16 3049 18 3092; x_wconf 84' lang='lat' dir='ltr'>l</span> 
     </span>
    </p>
   </div>
   <div class='ocr_carea' id='block_1_13' title="bbox 16 3093 18 3266">
    <p class='ocr_par' dir='ltr' id='par_1_13' title="bbox 16 3093 18 3266">
     <span class='ocr_line' id='line_1_19' title="bbox 16 3093 17 3116; baseline 0 0"><span class='ocrx_word' id='word_1_103' title='bbox 16 3093 17 3116; x_wconf 90' lang='lat' dir='ltr'>l</span> 
     </span>
     <span class='ocr_line' id='line_1_20' title="bbox 16 3195 18 3214; baseline 0 0"><span class='ocrx_word' id='word_1_104' title='bbox 16 3195 18 3214; x_wconf 93' lang='lat' dir='ltr'>l</span> 
     </span>
     <span class='ocr_line' id='line_1_21' title="bbox 16 3225 18 3240; baseline 0 -4"><span class='ocrx_word' id='word_1_105' title='bbox 16 3225 18 3240; x_wconf 62' lang='lat' dir='ltr'>t</span> 
     </span>
     <span class='ocr_line' id='line_1_22' title="bbox 16 3251 17 3266; baseline 0 0"><span class='ocrx_word' id='word_1_106' title='bbox 16 3251 17 3266; x_wconf 85' lang='lat' dir='ltr'>l</span> 
     </span>
    </p>
   </div>
   <div class='ocr_carea' id='block_1_14' title="bbox 16 2882 1078 3084">
    <p class='ocr_par' dir='ltr' id='par_1_14' title="bbox 16 2882 1078 3084">
     <span class='ocr_line' id='line_1_23' title="bbox 16 2882 959 2981; baseline 0.002 -31"><span class='ocrx_word' id='word_1_107' title='bbox 16 2897 17 2950; x_wconf 57' lang='grc' dir='ltr'><em>ὲ</em></span> <span class='ocrx_word' id='word_1_108' title='bbox 84 2887 281 2980; x_wconf 84' lang='lat' dir='ltr'>Dispeream,</span> <span class='ocrx_word' id='word_1_109' title='bbox 296 2887 325 2953; x_wconf 84' lang='lat' dir='ltr'>si</span> <span class='ocrx_word' id='word_1_110' title='bbox 337 2884 523 2980; x_wconf 84' lang='lat' dir='ltr'>quidquam</span> <span class='ocrx_word' id='word_1_111' title='bbox 535 2883 627 2952; x_wconf 88' lang='lat' dir='ltr'>aliud</span> <span class='ocrx_word' id='word_1_112' title='bbox 639 2909 742 2981; x_wconf 87' lang='lat' dir='ltr'>quarn</span> <span class='ocrx_word' id='word_1_113' title='bbox 755 2882 860 2976; x_wconf 77' lang='lat' dir='ltr'>gloria</span> <span class='ocrx_word' id='word_1_114' title='bbox 871 2882 914 2951; x_wconf 90' lang='lat' dir='ltr'>de</span> <span class='ocrx_word' id='word_1_115' title='bbox 926 2900 959 2952; x_wconf 89' lang='lat' dir='ltr'>te</span> 
     </span>
     <span class='ocr_line' id='line_1_24' title="bbox 16 2992 1078 3084; baseline -0.004 -18"><span class='ocrx_word' id='word_1_116' title='bbox 16 3021 17 3026; x_wconf 51' lang='lat'>¹</span> <span class='ocrx_word' id='word_1_117' title='bbox 121 2999 306 3084; x_wconf 79' lang='lat' dir='ltr'>Quaeritur:</span> <span class='ocrx_word' id='word_1_118' title='bbox 320 2995 580 3065; x_wconf 84' lang='lat' dir='ltr'>haslaudesille</span> <span class='ocrx_word' id='word_1_119' title='bbox 593 2992 856 3062; x_wconf 84' lang='lat' dir='ltr'>maritushnbet.</span> <span class='ocrx_word' id='word_1_120' title='bbox 1046 3025 1078 3062; x_wconf 85' lang='lat' dir='ltr'>ro</span> 
     </span>
    </p>
   </div>
   <div class='ocr_carea' id='block_1_15' title="bbox 84 3104 883 3202">
    <p class='ocr_par' dir='ltr' id='par_1_15' title="bbox 84 3104 883 3202">
     <span class='ocr_line' id='line_1_25' title="bbox 84 3104 883 3202; baseline -0.009 -26"><span class='ocrx_word' id='word_1_121' title='bbox 84 3106 228 3176; x_wconf 86' lang='lat' dir='ltr'>Colchida</span> <span class='ocrx_word' id='word_1_122' title='bbox 239 3108 290 3174; x_wconf 86' lang='lat' dir='ltr'>sic</span> <span class='ocrx_word' id='word_1_123' title='bbox 299 3105 424 3201; x_wconf 85' lang='lat' dir='ltr'>hospes</span> <span class='ocrx_word' id='word_1_124' title='bbox 436 3105 610 3202; x_wconf 84' lang='lat' dir='ltr'>quondam</span> <span class='ocrx_word' id='word_1_125' title='bbox 621 3104 752 3197; x_wconf 89' lang='lat' dir='ltr'>decepit</span> <span class='ocrx_word' id='word_1_126' title='bbox 763 3107 863 3171; x_wconf 79' lang='lat' dir='ltr'>Iason</span> <span class='ocrx_word' id='word_1_127' title='bbox 876 3130 883 3169; x_wconf 94' lang='lat'><strong>:</strong></span> 
     </span>
    </p>
   </div>
   <div class='ocr_carea' id='block_1_16' title="bbox 80 3283 1077 3364">
    <p class='ocr_par' dir='ltr' id='par_1_16' title="bbox 16 3273 1077 3364">
     <span class='ocr_line' id='line_1_26' title="bbox 80 3283 1077 3364; baseline 0 -21"><span class='ocrx_word' id='word_1_128' title='bbox 80 3293 273 3348; x_wconf 78' lang='lat' dir='ltr'>1.At.1³&#39;almm</span> <span class='ocrx_word' id='word_1_129' title='bbox 288 3303 328 3344; x_wconf 80' lang='lat' dir='ltr'>eet</span> <span class='ocrx_word' id='word_1_130' title='bbox 341 3291 416 3364; x_wconf 89' lang='lat' dir='ltr'>quod</span> <span class='ocrx_word' id='word_1_131' title='bbox 426 3293 455 3344; x_wconf 90' lang='lat' dir='ltr'>in</span> <span class='ocrx_word' id='word_1_132' title='bbox 470 3289 529 3344; x_wconf 76' lang='lat' dir='ltr'>vnl·</span> <span class='ocrx_word' id='word_1_133' title='bbox 609 3283 1077 3364; x_wconf 68' lang='lat' dir='ltr'>7.1ntereor;Pnnthumetniorem.</span> 
     </span>
    </p>
   </div>
   <div class='ocr_carea' id='block_1_17' title="bbox 52 3367 1082 4231">
    <p class='ocr_par' dir='ltr' id='par_1_17' title="bbox 52 3367 1082 4231">
     <span class='ocr_line' id='line_1_27' title="bbox 53 3367 1079 3445; baseline -0.003 -21"><span class='ocrx_word' id='word_1_134' title='bbox 53 3372 101 3438; x_wconf 68' lang='lat' dir='ltr'>ptit</span> <span class='ocrx_word' id='word_1_135' title='bbox 125 3369 318 3445; x_wconf 70' lang='lat' dir='ltr'>exemplaribus</span> <span class='ocrx_word' id='word_1_136' title='bbox 341 3367 459 3442; x_wconf 70' lang='lat' dir='ltr'>legitur,</span> <span class='ocrx_word' id='word_1_137' title='bbox 482 3369 527 3422; x_wconf 79' lang='lat' dir='ltr'>Ae.</span> <span class='ocrx_word' id='word_1_138' title='bbox 575 3369 709 3424; x_wconf 76' lang='lat' dir='ltr'>Tusenno</span> <span class='ocrx_word' id='word_1_139' title='bbox 721 3388 763 3432; x_wconf 78' lang='lat' dir='ltr'>es,-</span> <span class='ocrx_word' id='word_1_140' title='bbox 776 3369 835 3428; x_wconf 81' lang='lat' dir='ltr'>vide</span> <span class='ocrx_word' id='word_1_141' title='bbox 851 3367 923 3435; x_wconf 86' lang='lat' dir='ltr'>adl,</span> <span class='ocrx_word' id='word_1_142' title='bbox 940 3367 973 3433; x_wconf 86' lang='lat'>5,</span> <span class='ocrx_word' id='word_1_143' title='bbox 988 3369 1030 3422; x_wconf 83' lang='lat'>26.</span> <span class='ocrx_word' id='word_1_144' title='bbox 1042 3398 1079 3410; x_wconf 90' lang='lat'>-</span> 
     </span>
     <span class='ocr_line' id='line_1_28' title="bbox 53 3445 1077 3525; baseline -0.003 -22"><span class='ocrx_word' id='word_1_145' title='bbox 53 3447 125 3525; x_wconf 73' lang='lat' dir='ltr'>dtripti</span> <span class='ocrx_word' id='word_1_146' title='bbox 137 3454 211 3524; x_wconf 76' lang='lat' dir='ltr'>louge</span> <span class='ocrx_word' id='word_1_147' title='bbox 225 3450 348 3522; x_wconf 80' lang='lat' dir='ltr'>plerique</span> <span class='ocrx_word' id='word_1_148' title='bbox 362 3450 420 3512; x_wconf 75' lang='lat' dir='ltr'>At,·</span> <span class='ocrx_word' id='word_1_149' title='bbox 437 3451 529 3502; x_wconf 83' lang='lat' dir='ltr'>rectit-</span> <span class='ocrx_word' id='word_1_150' title='bbox 574 3449 612 3501; x_wconf 84' lang='lat' dir='ltr'>Te</span> <span class='ocrx_word' id='word_1_151' title='bbox 623 3467 689 3520; x_wconf 79' lang='lat' dir='ltr'>saepe</span> <span class='ocrx_word' id='word_1_152' title='bbox 697 3447 780 3520; x_wconf 70' lang='lat' dir='ltr'>filicae</span> <span class='ocrx_word' id='word_1_153' title='bbox 793 3445 866 3500; x_wconf 84' lang='lat' dir='ltr'>domi</span> <span class='ocrx_word' id='word_1_154' title='bbox 875 3465 928 3499; x_wconf 78' lang='lat' dir='ltr'>sun</span> <span class='ocrx_word' id='word_1_155' title='bbox 939 3447 1077 3510; x_wconf 67' lang='lat' dir='ltr'>scindite,</span> 
     </span>
     <span class='ocr_line' id='line_1_29' title="bbox 53 3526 1079 3604; baseline -0.001 -21"><span class='ocrx_word' id='word_1_156' title='bbox 53 3526 530 3604; x_wconf 74' lang='lat' dir='ltr'>dne.-Quantum...tantum,·ideat,</span> <span class='ocrx_word' id='word_1_157' title='bbox 574 3527 702 3583; x_wconf 81' lang='lat' dir='ltr'>accidisre</span> <span class='ocrx_word' id='word_1_158' title='bbox 727 3548 782 3580; x_wconf 88' lang='lat' dir='ltr'>uon</span> <span class='ocrx_word' id='word_1_159' title='bbox 806 3527 906 3594; x_wconf 74' lang='lat' dir='ltr'>semel,</span> <span class='ocrx_word' id='word_1_160' title='bbox 928 3542 957 3580; x_wconf 90' lang='lat' dir='ltr'>ut</span> <span class='ocrx_word' id='word_1_161' title='bbox 982 3530 1079 3582; x_wconf 73' lang='lat' dir='ltr'>invitus</span> 
     </span>
     <span class='ocr_line' id='line_1_30' title="bbox 53 3607 966 3682; baseline -0.001 -22"><span class='ocrx_word' id='word_1_162' title='bbox 53 3624 92 3676; x_wconf 75' lang='lat' dir='ltr'>qno</span> <span class='ocrx_word' id='word_1_163' title='bbox 101 3610 271 3682; x_wconf 67' lang='lat' dir='ltr'>parimodo...</span> <span class='ocrx_word' id='word_1_164' title='bbox 280 3609 328 3661; x_wconf 82' lang='lat' dir='ltr'>ita.</span> <span class='ocrx_word' id='word_1_165' title='bbox 338 3609 422 3679; x_wconf 78' lang='lat' dir='ltr'>AEqne</span> <span class='ocrx_word' id='word_1_166' title='bbox 431 3607 530 3659; x_wconf 81' lang='lat' dir='ltr'>habeat</span> <span class='ocrx_word' id='word_1_167' title='bbox 574 3609 685 3663; x_wconf 83' lang='lat' dir='ltr'>haberet</span> <span class='ocrx_word' id='word_1_168' title='bbox 695 3622 721 3662; x_wconf 85' lang='lat' dir='ltr'>te</span> <span class='ocrx_word' id='word_1_169' title='bbox 735 3608 871 3662; x_wconf 84' lang='lat' dir='ltr'>ferendam</span> <span class='ocrx_word' id='word_1_170' title='bbox 885 3607 966 3660; x_wconf 90' lang='lat' dir='ltr'>domi.</span> 
     </span>
     <span class='ocr_line' id='line_1_31' title="bbox 52 3685 1081 3762; baseline -0.001 -21"><span class='ocrx_word' id='word_1_171' title='bbox 52 3688 88 3741; x_wconf 78' lang='lat' dir='ltr'>thi</span> <span class='ocrx_word' id='word_1_172' title='bbox 104 3691 212 3746; x_wconf 70' lang='lat' dir='ltr'>Panthu·</span> <span class='ocrx_word' id='word_1_173' title='bbox 231 3688 368 3742; x_wconf 74' lang='lat' dir='ltr'>adamam</span> <span class='ocrx_word' id='word_1_174' title='bbox 383 3690 531 3753; x_wconf 82' lang='lat' dir='ltr'>Venerem,</span> <span class='ocrx_word' id='word_1_175' title='bbox 610 3707 636 3760; x_wconf 85' lang='lat'>9.</span> <span class='ocrx_word' id='word_1_176' title='bbox 651 3687 812 3762; x_wconf 78' lang='lat' dir='ltr'>Dilpeueam,</span> <span class='ocrx_word' id='word_1_177' title='bbox 822 3685 996 3759; x_wconf 77' lang='lat' dir='ltr'>aiquidquam</span> <span class='ocrx_word' id='word_1_178' title='bbox 1006 3687 1081 3740; x_wconf 79' lang='lat' dir='ltr'>uliud</span> 
     </span>
     <span class='ocr_line' id='line_1_32' title="bbox 53 3765 1081 3841; baseline -0.001 -22"><span class='ocrx_word' id='word_1_179' title='bbox 53 3769 120 3822; x_wconf 83' lang='lat' dir='ltr'>actihi</span> <span class='ocrx_word' id='word_1_180' title='bbox 129 3771 189 3824; x_wconf 76' lang='lat' dir='ltr'>taba</span> <span class='ocrx_word' id='word_1_181' title='bbox 202 3769 239 3821; x_wconf 89' lang='lat' dir='ltr'>de</span> <span class='ocrx_word' id='word_1_182' title='bbox 249 3787 293 3822; x_wconf 86' lang='lat' dir='ltr'>me</span> <span class='ocrx_word' id='word_1_183' title='bbox 303 3769 407 3839; x_wconf 78' lang='lat' dir='ltr'>eoripeit</span> <span class='ocrx_word' id='word_1_184' title='bbox 415 3767 531 3820; x_wconf 78' lang='lat' dir='ltr'>malevo-</span> <span class='ocrx_word' id='word_1_185' title='bbox 576 3781 696 3841; x_wconf 78' lang='lat' dir='ltr'>quaerunt</span> <span class='ocrx_word' id='word_1_186' title='bbox 706 3779 745 3818; x_wconf 89' lang='lat' dir='ltr'>tot</span> <span class='ocrx_word' id='word_1_187' title='bbox 755 3777 874 3818; x_wconf 78' lang='lat' dir='ltr'>amanter</span> <span class='ocrx_word' id='word_1_188' title='bbox 884 3765 927 3817; x_wconf 78' lang='lat' dir='ltr'>isti</span> <span class='ocrx_word' id='word_1_189' title='bbox 939 3767 991 3827; x_wconf 88' lang='lat' dir='ltr'>tui,</span> <span class='ocrx_word' id='word_1_190' title='bbox 1000 3784 1081 3836; x_wconf 87' lang='lat' dir='ltr'>quarn</span> 
     </span>
     <span class='ocr_line' id='line_1_33' title="bbox 53 3842 1080 3914; baseline -0.003 -14"><span class='ocrx_word' id='word_1_191' title='bbox 53 3843 233 3902; x_wconf 75' lang='lat' dir='ltr'>tu-ttomen</span> <span class='ocrx_word' id='word_1_192' title='bbox 248 3847 340 3899; x_wconf 79' lang='lat' dir='ltr'>fictum</span> <span class='ocrx_word' id='word_1_193' title='bbox 352 3844 472 3898; x_wconf 80' lang='lat' dir='ltr'>Panthus</span> <span class='ocrx_word' id='word_1_194' title='bbox 481 3858 529 3898; x_wconf 80' lang='lat' dir='ltr'>eet.</span> <span class='ocrx_word' id='word_1_195' title='bbox 575 3845 627 3900; x_wconf 77' lang='lat' dir='ltr'>sihi</span> <span class='ocrx_word' id='word_1_196' title='bbox 645 3845 678 3896; x_wconf 90' lang='lat' dir='ltr'>de</span> <span class='ocrx_word' id='word_1_197' title='bbox 695 3857 722 3896; x_wconf 87' lang='lat' dir='ltr'>te</span> <span class='ocrx_word' id='word_1_198' title='bbox 735 3844 909 3914; x_wconf 78' lang='lat' dir='ltr'>jactationem</span> <span class='ocrx_word' id='word_1_199' title='bbox 921 3855 948 3896; x_wconf 88' lang='lat' dir='ltr'>et</span> <span class='ocrx_word' id='word_1_200' title='bbox 958 3842 1080 3913; x_wconf 74' lang='lat' dir='ltr'>gloriam.</span> 
     </span>
     <span class='ocr_line' id='line_1_34' title="bbox 52 3919 1082 3998; baseline -0.002 -22"><span class='ocrx_word' id='word_1_201' title='bbox 52 3950 78 3963; x_wconf 89' lang='lat'>·-</span> <span class='ocrx_word' id='word_1_202' title='bbox 88 3927 185 3998; x_wconf 62' lang='lat' dir='ltr'>Pagina.</span> <span class='ocrx_word' id='word_1_203' title='bbox 200 3923 272 3976; x_wconf 85' lang='lat' dir='ltr'>Vide</span> <span class='ocrx_word' id='word_1_204' title='bbox 285 3926 338 3991; x_wconf 86' lang='lat'>111,</span> <span class='ocrx_word' id='word_1_205' title='bbox 353 3923 402 3990; x_wconf 82' lang='lat'>2⁵,</span> <span class='ocrx_word' id='word_1_206' title='bbox 419 3939 460 3992; x_wconf 77' lang='lat'>17.</span> <span class='ocrx_word' id='word_1_207' title='bbox 575 3953 612 3964; x_wconf 89' lang='lat'>-·</span> <span class='ocrx_word' id='word_1_208' title='bbox 626 3923 682 3974; x_wconf 76' lang='lat' dir='ltr'>Hae</span> <span class='ocrx_word' id='word_1_209' title='bbox 694 3921 781 3974; x_wconf 62' lang='lat' dir='ltr'>lawe</span> <span class='ocrx_word' id='word_1_210' title='bbox 799 3919 847 3972; x_wconf 85' lang='lat' dir='ltr'>ille</span> <span class='ocrx_word' id='word_1_211' title='bbox 864 3920 973 3975; x_wconf 78' lang='lat' dir='ltr'>maritus</span> <span class='ocrx_word' id='word_1_212' title='bbox 988 3921 1082 3986; x_wconf 76' lang='lat' dir='ltr'>hahet,-</span> 
     </span>
     <span class='ocr_line' id='line_1_35' title="bbox 77 3999 1082 4074; baseline -0.001 -21"><span class='ocrx_word' id='word_1_213' title='bbox 77 4001 97 4054; x_wconf 83' lang='lat'>3.</span> <span class='ocrx_word' id='word_1_214' title='bbox 109 4005 223 4059; x_wconf 73' lang='lat' dir='ltr'>Mona.</span> <span class='ocrx_word' id='word_1_215' title='bbox 232 4003 301 4055; x_wconf 81' lang='lat' dir='ltr'>Vide</span> <span class='ocrx_word' id='word_1_216' title='bbox 312 4005 340 4070; x_wconf 89' lang='lat'>1,</span> <span class='ocrx_word' id='word_1_217' title='bbox 352 4020 384 4074; x_wconf 84' lang='lat'>9,</span> <span class='ocrx_word' id='word_1_218' title='bbox 399 4002 424 4054; x_wconf 83' lang='lat'>5.</span> <span class='ocrx_word' id='word_1_219' title='bbox 577 4016 630 4054; x_wconf 81' lang='lat' dir='ltr'>tani</span> <span class='ocrx_word' id='word_1_220' title='bbox 645 3999 758 4072; x_wconf 81' lang='lat' dir='ltr'>pulchre</span> <span class='ocrx_word' id='word_1_221' title='bbox 772 3999 829 4052; x_wconf 76' lang='lat' dir='ltr'>laus</span> <span class='ocrx_word' id='word_1_222' title='bbox 839 4013 895 4065; x_wconf 76' lang='lat' dir='ltr'>eet,</span> <span class='ocrx_word' id='word_1_223' title='bbox 910 4016 963 4070; x_wconf 85' lang='lat' dir='ltr'>qua</span> <span class='ocrx_word' id='word_1_224' title='bbox 974 4017 1002 4052; x_wconf 83' lang='lat' dir='ltr'>ee</span> <span class='ocrx_word' id='word_1_225' title='bbox 1016 4003 1082 4054; x_wconf 83' lang='lat' dir='ltr'>Pan-</span> 
     </span>
     <span class='ocr_line' id='line_1_36' title="bbox 78 4077 1028 4156; baseline -0.006 -20"><span class='ocrx_word' id='word_1_226' title='bbox 78 4085 98 4136; x_wconf 79' lang='lat'>5.</span> <span class='ocrx_word' id='word_1_227' title='bbox 109 4085 250 4138; x_wconf 78' lang='lat' dir='ltr'>Totuoctes</span> <span class='ocrx_word' id='word_1_228' title='bbox 259 4085 369 4156; x_wconf 76' lang='lat' dir='ltr'>periere,</span> <span class='ocrx_word' id='word_1_229' title='bbox 380 4103 393 4136; x_wconf 88' lang='lat' dir='ltr'>a</span> <span class='ocrx_word' id='word_1_230' title='bbox 404 4099 428 4136; x_wconf 85' lang='lat' dir='ltr'>te</span> <span class='ocrx_word' id='word_1_231' title='bbox 435 4085 532 4136; x_wconf 79' lang='lat' dir='ltr'>frustra</span> <span class='ocrx_word' id='word_1_232' title='bbox 578 4079 638 4132; x_wconf 84' lang='lat' dir='ltr'>thuc</span> <span class='ocrx_word' id='word_1_233' title='bbox 649 4081 728 4130; x_wconf 79' lang='lat' dir='ltr'>effert</span> <span class='ocrx_word' id='word_1_234' title='bbox 738 4097 811 4130; x_wconf 73' lang='lat' dir='ltr'>nove</span> <span class='ocrx_word' id='word_1_235' title='bbox 825 4077 903 4130; x_wconf 80' lang='lat' dir='ltr'>datus</span> <span class='ocrx_word' id='word_1_236' title='bbox 916 4079 1028 4132; x_wconf 66' lang='lat' dir='ltr'>femine.</span> 
     </span>
     <span class='ocr_line' id='line_1_37' title="bbox 53 4155 1082 4231; baseline -0.006 -16"><span class='ocrx_word' id='word_1_237' title='bbox 53 4163 354 4231; x_wconf 57' lang='lat' dir='ltr'>rapicndum-Liber,</span> <span class='ocrx_word' id='word_1_238' title='bbox 367 4176 395 4214; x_wconf 90' lang='lat' dir='ltr'>ut</span> <span class='ocrx_word' id='word_1_239' title='bbox 404 4165 425 4228; x_wconf 86' lang='lat'>1,</span> <span class='ocrx_word' id='word_1_240' title='bbox 440 4161 531 4228; x_wconf 83' lang='lat' dir='ltr'>ro,3o.</span> <span class='ocrx_word' id='word_1_241' title='bbox 616 4177 657 4212; x_wconf 87' lang='lat' dir='ltr'>tr.</span> <span class='ocrx_word' id='word_1_242' title='bbox 676 4155 794 4224; x_wconf 77' lang='lat' dir='ltr'>Colchis,</span> <span class='ocrx_word' id='word_1_243' title='bbox 809 4155 921 4222; x_wconf 87' lang='lat' dir='ltr'>Medea,</span> <span class='ocrx_word' id='word_1_244' title='bbox 940 4169 969 4210; x_wconf 88' lang='lat' dir='ltr'>ut</span> <span class='ocrx_word' id='word_1_245' title='bbox 990 4159 1031 4221; x_wconf 94' lang='lat' dir='ltr'>ll,</span> <span class='ocrx_word' id='word_1_246' title='bbox 1052 4176 1082 4224; x_wconf 85' lang='lat'>1,</span> 
     </span>
    </p>
   </div>
   <div class='ocr_carea' id='block_1_18' title="bbox 880 4247 917 4311">
    <p class='ocr_par' dir='ltr' id='par_1_18' title="bbox 880 4247 917 4311">
     <span class='ocr_line' id='line_1_38' title="bbox 880 4247 917 4311; baseline 0.027 -1"><span class='ocrx_word' id='word_1_247' title='bbox 880 4247 917 4311; x_wconf 83' lang='lat'>16</span> 
     </span>
    </p>
   </div>
   <div class='ocr_carea' id='block_1_19' title="bbox 0 0 1408 4974">
    <p class='ocr_par' dir='ltr' id='par_1_19' title="bbox 0 0 1408 4974">
     <span class='ocr_line' id='line_1_39' title="bbox 0 0 1408 4974; baseline 0 0"><span class='ocrx_word' id='word_1_248' title='bbox 0 0 1408 4974; x_wconf 95' lang='lat' dir='ltr'> </span> 
     </span>
    </p>
   </div>
  </div>
 </body>
</html>
