<?xml version="1.0" encoding="UTF-8"?>
<!DOCTYPE html PUBLIC "-//W3C//DTD XHTML 1.0 Transitional//EN"
    "http://www.w3.org/TR/xhtml1/DTD/xhtml1-transitional.dtd">
<html xmlns="http://www.w3.org/1999/xhtml" xml:lang="en" lang="en">
 <head>
  <title>
</title>
<meta http-equiv="Content-Type" content="text/html;charset=utf-8" />
  <meta name='ocr-system' content='tesseract 3.04.00' />
  <meta name='ocr-capabilities' content='ocr_page ocr_carea ocr_par ocr_line ocrx_word'/>
</head>
<body>
  <div class='ocr_page' id='page_1' title='image "./sextiaureliipro00goog_0239.png"; bbox 0 0 2808 4974; ppageno 0'>
   <div class='ocr_carea' id='block_1_1' title="bbox 81 459 1090 2680">
    <p class='ocr_par' dir='ltr' id='par_1_1' title="bbox 6 459 1090 2680">
     <span class='ocr_line' id='line_1_1' title="bbox 406 459 708 526; baseline 0 -2"><span class='ocrx_word' id='word_1_1' title='bbox 406 459 588 526; x_wconf 81' lang='lat' dir='ltr'><strong>ELEGld</strong></span> <span class='ocrx_word' id='word_1_2' title='bbox 611 461 708 526; x_wconf 89' lang='lat' dir='ltr'>XVI.</span> 
     </span>
     <span class='ocr_line' id='line_1_2' title="bbox 135 586 732 682; baseline -0.002 -26"><span class='ocrx_word' id='word_1_3' title='bbox 135 590 220 656; x_wconf 77' lang='lat' dir='ltr'><strong>scia</strong></span> <span class='ocrx_word' id='word_1_4' title='bbox 230 586 548 682; x_wconf 78' lang='lat' dir='ltr'><strong>damnetisoequoru</strong></span> <span class='ocrx_word' id='word_1_5' title='bbox 559 586 732 657; x_wconf 81' lang='lat' dir='ltr'><strong>militibus.</strong></span> 
     </span>
     <span class='ocr_line' id='line_1_3' title="bbox 94 698 880 794; baseline 0.008 -28"><span class='ocrx_word' id='word_1_6' title='bbox 94 701 185 766; x_wconf 87' lang='lat' dir='ltr'>Hune</span> <span class='ocrx_word' id='word_1_7' title='bbox 194 699 324 766; x_wconf 71' lang='lat' dir='ltr'><strong>infamis</strong></span> <span class='ocrx_word' id='word_1_8' title='bbox 336 722 433 766; x_wconf 84' lang='lat' dir='ltr'>emor</span> <span class='ocrx_word' id='word_1_9' title='bbox 443 702 549 768; x_wconf 86' lang='lat' dir='ltr'><strong>versis</strong></span> <span class='ocrx_word' id='word_1_10' title='bbox 561 698 642 768; x_wconf 83' lang='lat' dir='ltr'>dere</span> <span class='ocrx_word' id='word_1_11' title='bbox 654 717 747 794; x_wconf 75' lang='lat' dir='ltr'>terga</span> <span class='ocrx_word' id='word_1_12' title='bbox 758 705 880 773; x_wconf 83' lang='lat' dir='ltr'><strong>onrinis</strong></span> 
     </span>
     <span class='ocr_line' id='line_1_4' title="bbox 132 813 1086 912; baseline 0.009 -35"><span class='ocrx_word' id='word_1_13' title='bbox 132 813 247 894; x_wconf 81' lang='lat' dir='ltr'><strong>lussit,</strong></span> <span class='ocrx_word' id='word_1_14' title='bbox 260 827 294 878; x_wconf 89' lang='lat' dir='ltr'>et</span> <span class='ocrx_word' id='word_1_15' title='bbox 307 828 459 878; x_wconf 78' lang='lat' dir='ltr'>extremo</span> <span class='ocrx_word' id='word_1_16' title='bbox 470 835 622 906; x_wconf 68' lang='lat' dir='ltr'>quaerere</span> <span class='ocrx_word' id='word_1_17' title='bbox 634 814 669 878; x_wconf 94' lang='lat' dir='ltr'><strong>in</strong></span> <span class='ocrx_word' id='word_1_18' title='bbox 680 813 763 881; x_wconf 93' lang='lat' dir='ltr'>orhe</span> <span class='ocrx_word' id='word_1_19' title='bbox 773 814 899 912; x_wconf 74' lang='lat' dir='ltr'><strong>fugem.</strong></span> <span class='ocrx_word' id='word_1_20' title='bbox 1050 831 1086 899; x_wconf 73' lang='lat'><strong>4⁰</strong></span> 
     </span>
     <span class='ocr_line' id='line_1_5' title="bbox 92 920 904 1014; baseline 0.006 -25"><span class='ocrx_word' id='word_1_21' title='bbox 92 920 305 990; x_wconf 81' lang='lat' dir='ltr'><strong>Caesarishaec</strong></span> <span class='ocrx_word' id='word_1_22' title='bbox 316 922 424 990; x_wconf 73' lang='lat' dir='ltr'><strong>vissus</strong></span> <span class='ocrx_word' id='word_1_23' title='bbox 435 936 469 990; x_wconf 91' lang='lat' dir='ltr'>et</span> <span class='ocrx_word' id='word_1_24' title='bbox 480 921 586 1014; x_wconf 76' lang='lat' dir='ltr'><strong>glorie</strong></span> <span class='ocrx_word' id='word_1_25' title='bbox 597 925 738 992; x_wconf 82' lang='lat' dir='ltr'><strong>Gesseris</strong></span> <span class='ocrx_word' id='word_1_26' title='bbox 750 921 824 994; x_wconf 83' lang='lat' dir='ltr'><strong>haeo</strong></span> <span class='ocrx_word' id='word_1_27' title='bbox 835 941 904 1010; x_wconf 78' lang='lat' dir='ltr'><strong>est3</strong></span> 
     </span>
     <span class='ocr_line' id='line_1_6' title="bbox 133 1029 788 1126; baseline 0.006 -29"><span class='ocrx_word' id='word_1_28' title='bbox 133 1029 206 1116; x_wconf 86' lang='lat' dir='ltr'><strong>lllu,</strong></span> <span class='ocrx_word' id='word_1_29' title='bbox 218 1055 286 1126; x_wconf 84' lang='lat' dir='ltr'><strong>qua</strong></span> <span class='ocrx_word' id='word_1_30' title='bbox 299 1033 394 1112; x_wconf 89' lang='lat' dir='ltr'><strong>vicit,</strong></span> <span class='ocrx_word' id='word_1_31' title='bbox 407 1029 557 1100; x_wconf 88' lang='lat' dir='ltr'><strong>condidit</strong></span> <span class='ocrx_word' id='word_1_32' title='bbox 567 1055 662 1100; x_wconf 86' lang='lat' dir='ltr'>arma</span> <span class='ocrx_word' id='word_1_33' title='bbox 672 1055 788 1101; x_wconf 83' lang='lat' dir='ltr'><strong>manu.</strong></span> 
     </span>
     <span class='ocr_line' id='line_1_7' title="bbox 90 1138 1077 1242; baseline 0.005 -32"><span class='ocrx_word' id='word_1_34' title='bbox 90 1138 147 1209; x_wconf 83' lang='lat' dir='ltr'><strong>Sed</strong></span> <span class='ocrx_word' id='word_1_35' title='bbox 161 1164 392 1236; x_wconf 81' lang='lat' dir='ltr'><strong>quascumque</strong></span> <span class='ocrx_word' id='word_1_36' title='bbox 404 1140 465 1208; x_wconf 87' lang='lat' dir='ltr'><strong>tihi</strong></span> <span class='ocrx_word' id='word_1_37' title='bbox 478 1155 605 1224; x_wconf 85' lang='lat' dir='ltr'><strong>vestes,</strong></span> <span class='ocrx_word' id='word_1_38' title='bbox 619 1167 852 1242; x_wconf 89' lang='lat' dir='ltr'><strong>quoscumque</strong></span> <span class='ocrx_word' id='word_1_39' title='bbox 865 1145 1077 1240; x_wconf 75' lang='lat' dir='ltr'>smaragdos,</span> 
     </span>
     <span class='ocr_line' id='line_1_8' title="bbox 130 1247 866 1346; baseline 0.004 -28"><span class='ocrx_word' id='word_1_40' title='bbox 130 1255 262 1337; x_wconf 83' lang='lat' dir='ltr'><strong>Quosve</strong></span> <span class='ocrx_word' id='word_1_41' title='bbox 274 1249 368 1320; x_wconf 85' lang='lat' dir='ltr'><strong>dedit</strong></span> <span class='ocrx_word' id='word_1_42' title='bbox 379 1249 467 1318; x_wconf 81' lang='lat' dir='ltr'>flavo</span> <span class='ocrx_word' id='word_1_43' title='bbox 479 1247 608 1319; x_wconf 89' lang='lat' dir='ltr'><strong>lumine</strong></span> <span class='ocrx_word' id='word_1_44' title='bbox 620 1249 866 1346; x_wconf 79' lang='lat' dir='ltr'><strong>chrysolithos,</strong></span> 
     </span>
     <span class='ocr_line' id='line_1_9' title="bbox 89 1361 1088 1458; baseline 0.005 -29"><span class='ocrx_word' id='word_1_45' title='bbox 89 1366 163 1429; x_wconf 79' lang='lat' dir='ltr'><strong>Haeo</strong></span> <span class='ocrx_word' id='word_1_46' title='bbox 175 1361 308 1430; x_wconf 80' lang='lat' dir='ltr'><strong>videam</strong></span> <span class='ocrx_word' id='word_1_47' title='bbox 318 1361 454 1454; x_wconf 78' lang='lat' dir='ltr'><strong>rupidus</strong></span> <span class='ocrx_word' id='word_1_48' title='bbox 465 1365 501 1428; x_wconf 90' lang='lat' dir='ltr'><strong>in</strong></span> <span class='ocrx_word' id='word_1_49' title='bbox 513 1385 640 1430; x_wconf 82' lang='lat' dir='ltr'><strong>vanum</strong></span> <span class='ocrx_word' id='word_1_50' title='bbox 652 1363 742 1430; x_wconf 89' lang='lat' dir='ltr'>ferre</span> <span class='ocrx_word' id='word_1_51' title='bbox 753 1363 934 1458; x_wconf 85' lang='lat' dir='ltr'>procellos,</span> <span class='ocrx_word' id='word_1_52' title='bbox 1053 1379 1088 1446; x_wconf 71' lang='grc'><strong>45</strong></span> 
     </span>
     <span class='ocr_line' id='line_1_10' title="bbox 129 1471 876 1569; baseline 0.003 -29"><span class='ocrx_word' id='word_1_53' title='bbox 129 1477 210 1560; x_wconf 87' lang='lat' dir='ltr'><strong>Quae</strong></span> <span class='ocrx_word' id='word_1_54' title='bbox 222 1471 282 1540; x_wconf 90' lang='lat' dir='ltr'><strong>tibi</strong></span> <span class='ocrx_word' id='word_1_55' title='bbox 295 1488 398 1552; x_wconf 82' lang='lat' dir='ltr'>serra,</span> <span class='ocrx_word' id='word_1_56' title='bbox 410 1471 528 1554; x_wconf 88' lang='lat' dir='ltr'><strong>velim,</strong></span> <span class='ocrx_word' id='word_1_57' title='bbox 543 1495 620 1566; x_wconf 83' lang='lat' dir='ltr'><strong>quae</strong></span> <span class='ocrx_word' id='word_1_58' title='bbox 632 1471 692 1539; x_wconf 81' lang='lat' dir='ltr'><strong>sibi</strong></span> <span class='ocrx_word' id='word_1_59' title='bbox 706 1473 765 1540; x_wconf 84' lang='lat' dir='ltr'><strong>fiat</strong></span> <span class='ocrx_word' id='word_1_60' title='bbox 776 1498 876 1569; x_wconf 83' lang='lat' dir='ltr'>aque.</span> 
     </span>
     <span class='ocr_line' id='line_1_11' title="bbox 88 1579 898 1676; baseline 0.006 -26"><span class='ocrx_word' id='word_1_61' title='bbox 88 1587 156 1651; x_wconf 81' lang='lat' dir='ltr'><strong>Non</strong></span> <span class='ocrx_word' id='word_1_62' title='bbox 166 1607 299 1676; x_wconf 83' lang='lat' dir='ltr'>semper</span> <span class='ocrx_word' id='word_1_63' title='bbox 312 1581 466 1676; x_wconf 80' lang='lat' dir='ltr'><strong>placidus</strong></span> <span class='ocrx_word' id='word_1_64' title='bbox 479 1579 636 1676; x_wconf 88' lang='lat' dir='ltr'>perjuros</span> <span class='ocrx_word' id='word_1_65' title='bbox 647 1582 735 1651; x_wconf 86' lang='lat' dir='ltr'><strong>ridet</strong></span> <span class='ocrx_word' id='word_1_66' title='bbox 746 1601 898 1655; x_wconf 82' lang='lat' dir='ltr'><strong>ornantes</strong></span> 
     </span>
     <span class='ocr_line' id='line_1_12' title="bbox 126 1691 846 1787; baseline 0.003 -27"><span class='ocrx_word' id='word_1_67' title='bbox 126 1697 145 1760; x_wconf 89' lang='lat' dir='ltr'>J</span> <span class='ocrx_word' id='word_1_68' title='bbox 148 1697 298 1786; x_wconf 83' lang='lat' dir='ltr'>uppiter,</span> <span class='ocrx_word' id='word_1_69' title='bbox 311 1711 346 1760; x_wconf 78' lang='lat' dir='ltr'><strong>es</strong></span> <span class='ocrx_word' id='word_1_70' title='bbox 358 1691 462 1761; x_wconf 81' lang='lat' dir='ltr'><strong>surda</strong></span> <span class='ocrx_word' id='word_1_71' title='bbox 473 1691 613 1786; x_wconf 72' lang='lat' dir='ltr'><strong>negligit</strong></span> <span class='ocrx_word' id='word_1_72' title='bbox 622 1718 704 1762; x_wconf 83' lang='lat' dir='ltr'>aure</span> <span class='ocrx_word' id='word_1_73' title='bbox 716 1719 846 1787; x_wconf 85' lang='lat' dir='ltr'>preces.</span> 
     </span>
     <span class='ocr_line' id='line_1_13' title="bbox 87 1803 769 1901; baseline 0.007 -31"><span class='ocrx_word' id='word_1_74' title='bbox 87 1803 218 1873; x_wconf 85' lang='lat' dir='ltr'><strong>Vidistis</strong></span> <span class='ocrx_word' id='word_1_75' title='bbox 231 1822 304 1874; x_wconf 83' lang='lat' dir='ltr'><strong>toto</strong></span> <span class='ocrx_word' id='word_1_76' title='bbox 317 1808 446 1873; x_wconf 89' lang='lat' dir='ltr'><strong>sonitus</strong></span> <span class='ocrx_word' id='word_1_77' title='bbox 460 1831 659 1901; x_wconf 89' lang='lat' dir='ltr'>percurrere</span> <span class='ocrx_word' id='word_1_78' title='bbox 671 1807 769 1892; x_wconf 84' lang='lat' dir='ltr'><strong>caelo,</strong></span> 
     </span>
     <span class='ocr_line' id='line_1_14' title="bbox 81 1917 1090 2013; baseline 0.001 -28"><span class='ocrx_word' id='word_1_79' title='bbox 81 1972 84 1976; x_wconf 90' lang='lat'>.</span> <span class='ocrx_word' id='word_1_80' title='bbox 128 1917 352 2013; x_wconf 85' lang='lat' dir='ltr'><strong>Fulminaque</strong></span> <span class='ocrx_word' id='word_1_81' title='bbox 364 1917 509 1988; x_wconf 82' lang='lat' dir='ltr'>aetheree</span> <span class='ocrx_word' id='word_1_82' title='bbox 524 1917 699 1986; x_wconf 91' lang='lat' dir='ltr'><strong>desiluisse</strong></span> <span class='ocrx_word' id='word_1_83' title='bbox 711 1917 835 1987; x_wconf 78' lang='lat' dir='ltr'><strong>domo?</strong></span> <span class='ocrx_word' id='word_1_84' title='bbox 1056 1933 1090 1986; x_wconf 83' lang='grc' dir='ltr'><strong>5ο</strong></span> 
     </span>
     <span class='ocr_line' id='line_1_15' title="bbox 86 2027 984 2125; baseline 0.004 -29"><span class='ocrx_word' id='word_1_85' title='bbox 86 2035 153 2097; x_wconf 83' lang='lat' dir='ltr'><strong>Non</strong></span> <span class='ocrx_word' id='word_1_86' title='bbox 164 2029 239 2098; x_wconf 83' lang='lat' dir='ltr'><strong>haec</strong></span> <span class='ocrx_word' id='word_1_87' title='bbox 251 2027 402 2098; x_wconf 84' lang='lat' dir='ltr'><strong>Pleiades</strong></span> <span class='ocrx_word' id='word_1_88' title='bbox 415 2030 561 2116; x_wconf 83' lang='lat' dir='ltr'><strong>iaciunt,</strong></span> <span class='ocrx_word' id='word_1_89' title='bbox 575 2053 686 2125; x_wconf 89' lang='lat' dir='ltr'>neque</span> <span class='ocrx_word' id='word_1_90' title='bbox 699 2055 849 2125; x_wconf 84' lang='lat' dir='ltr'><strong>aquosus</strong></span> <span class='ocrx_word' id='word_1_91' title='bbox 861 2034 964 2101; x_wconf 89' lang='lat' dir='ltr'><strong>Orion</strong></span> <span class='ocrx_word' id='word_1_92' title='bbox 975 2058 984 2115; x_wconf 91' lang='lat'>;</span> 
     </span>
     <span class='ocr_line' id='line_1_16' title="bbox 127 2141 775 2211; baseline 0.002 -2"><span class='ocrx_word' id='word_1_93' title='bbox 127 2147 194 2211; x_wconf 85' lang='lat' dir='ltr'>Nec</span> <span class='ocrx_word' id='word_1_94' title='bbox 208 2144 258 2210; x_wconf 87' lang='lat' dir='ltr'><strong>sic</strong></span> <span class='ocrx_word' id='word_1_95' title='bbox 270 2141 313 2210; x_wconf 89' lang='lat' dir='ltr'><strong>de</strong></span> <span class='ocrx_word' id='word_1_96' title='bbox 326 2141 433 2210; x_wconf 91' lang='lat' dir='ltr'><strong>nihilo</strong></span> <span class='ocrx_word' id='word_1_97' title='bbox 443 2142 595 2210; x_wconf 85' lang='lat' dir='ltr'><strong>fulminis</strong></span> <span class='ocrx_word' id='word_1_98' title='bbox 607 2145 657 2210; x_wconf 83' lang='lat' dir='ltr'><strong>ire</strong></span> <span class='ocrx_word' id='word_1_99' title='bbox 668 2141 775 2211; x_wconf 86' lang='lat' dir='ltr'><strong>cedit:</strong></span> 
     </span>
     <span class='ocr_line' id='line_1_17' title="bbox 86 2249 800 2347; baseline 0.004 -30"><span class='ocrx_word' id='word_1_100' title='bbox 86 2249 235 2346; x_wconf 76' lang='lat' dir='ltr'>Perjuras</span> <span class='ocrx_word' id='word_1_101' title='bbox 250 2269 334 2321; x_wconf 90' lang='lat' dir='ltr'><strong>tuno</strong></span> <span class='ocrx_word' id='word_1_102' title='bbox 348 2251 405 2321; x_wconf 90' lang='lat' dir='ltr'><strong>ille</strong></span> <span class='ocrx_word' id='word_1_103' title='bbox 417 2251 504 2322; x_wconf 88' lang='lat' dir='ltr'><strong>solet</strong></span> <span class='ocrx_word' id='word_1_104' title='bbox 516 2255 637 2347; x_wconf 90' lang='lat' dir='ltr'>punire</span> <span class='ocrx_word' id='word_1_105' title='bbox 648 2251 800 2346; x_wconf 86' lang='lat' dir='ltr'><strong>puellus,&#39;</strong></span> 
     </span>
     <span class='ocr_line' id='line_1_18' title="bbox 124 2361 805 2458; baseline 0 -28"><span class='ocrx_word' id='word_1_106' title='bbox 124 2367 293 2456; x_wconf 83' lang='lat' dir='ltr'>Deceptus</span> <span class='ocrx_word' id='word_1_107' title='bbox 305 2365 466 2458; x_wconf 80' lang='lat' dir='ltr'><strong>quoniam</strong></span> <span class='ocrx_word' id='word_1_108' title='bbox 479 2361 572 2431; x_wconf 89' lang='lat' dir='ltr'><strong>flevit</strong></span> <span class='ocrx_word' id='word_1_109' title='bbox 582 2379 615 2431; x_wconf 93' lang='lat' dir='ltr'>et</span> <span class='ocrx_word' id='word_1_110' title='bbox 626 2365 698 2456; x_wconf 88' lang='lat' dir='ltr'><strong>ipse</strong></span> <span class='ocrx_word' id='word_1_111' title='bbox 710 2363 805 2432; x_wconf 86' lang='lat' dir='ltr'><strong>deus.</strong></span> 
     </span>
     <span class='ocr_line' id='line_1_19' title="bbox 85 2471 1090 2557; baseline -0.002 -15"><span class='ocrx_word' id='word_1_112' title='bbox 85 2476 189 2557; x_wconf 83' lang='lat' dir='ltr'>Quare</span> <span class='ocrx_word' id='word_1_113' title='bbox 201 2497 248 2540; x_wconf 89' lang='lat' dir='ltr'><strong>ne</strong></span> <span class='ocrx_word' id='word_1_114' title='bbox 260 2471 321 2540; x_wconf 86' lang='lat' dir='ltr'><strong>tibi</strong></span> <span class='ocrx_word' id='word_1_115' title='bbox 333 2474 472 2542; x_wconf 81' lang='lat' dir='ltr'><strong>sistenti</strong></span> <span class='ocrx_word' id='word_1_116' title='bbox 484 2473 620 2543; x_wconf 88' lang='lat' dir='ltr'><strong>Sidonia</strong></span> <span class='ocrx_word' id='word_1_117' title='bbox 632 2476 750 2556; x_wconf 86' lang='lat' dir='ltr'><strong>vestis,</strong></span> <span class='ocrx_word' id='word_1_118' title='bbox 850 2490 852 2498; x_wconf 79' lang='grc'>’</span> <span class='ocrx_word' id='word_1_119' title='bbox 1057 2487 1090 2540; x_wconf 84' lang='lat'><strong>5⁵</strong></span> 
     </span>
     <span class='ocr_line' id='line_1_20' title="bbox 124 2584 842 2680; baseline -0.002 -28.282"><span class='ocrx_word' id='word_1_120' title='bbox 124 2588 170 2652; x_wconf 90' lang='lat' dir='ltr'><strong>Ut</strong></span> <span class='ocrx_word' id='word_1_121' title='bbox 179 2588 301 2652; x_wconf 84' lang='lat' dir='ltr'><strong>timess</strong></span> <span class='ocrx_word' id='word_1_122' title='bbox 310 2633 320 2668; x_wconf 90' lang='lat'><strong>,</strong></span> <span class='ocrx_word' id='word_1_123' title='bbox 337 2586 469 2680; x_wconf 79' lang='lat' dir='ltr'><strong>quoties</strong></span> <span class='ocrx_word' id='word_1_124' title='bbox 483 2584 622 2654; x_wconf 91' lang='lat' dir='ltr'><strong>nubilus</strong></span> <span class='ocrx_word' id='word_1_125' title='bbox 634 2592 756 2654; x_wconf 82' lang='lat' dir='ltr'>Auster</span> <span class='ocrx_word' id='word_1_126' title='bbox 768 2585 842 2652; x_wconf 84' lang='lat' dir='ltr'><strong>erit.</strong></span> 
     </span>
    </p>
   </div>
   <div class='ocr_carea' id='block_1_2' title="bbox 6 2721 1144 3910">
    <p class='ocr_par' dir='ltr' id='par_1_2' title="bbox 6 2721 1144 3910">
     <span class='ocr_line' id='line_1_21' title="bbox 51 2721 1092 2800; baseline 0.006 -27"><span class='ocrx_word' id='word_1_127' title='bbox 51 2721 102 2773; x_wconf 79' lang='lat' dir='ltr'><strong>Gon</strong></span> <span class='ocrx_word' id='word_1_128' title='bbox 117 2723 188 2777; x_wconf 78' lang='lat' dir='ltr'><strong>inani</strong></span> <span class='ocrx_word' id='word_1_129' title='bbox 203 2725 324 2776; x_wconf 79' lang='lat' dir='ltr'><strong>fremitu.</strong></span> <span class='ocrx_word' id='word_1_130' title='bbox 340 2725 470 2779; x_wconf 78' lang='lat' dir='ltr'><strong>Damnosi</strong></span> <span class='ocrx_word' id='word_1_131' title='bbox 487 2729 541 2780; x_wconf 87' lang='lat' dir='ltr'><strong>mi·</strong></span> <span class='ocrx_word' id='word_1_132' title='bbox 585 2747 636 2800; x_wconf 89' lang='lat' dir='ltr'>pro</span> <span class='ocrx_word' id='word_1_133' title='bbox 647 2725 777 2780; x_wconf 77' lang='lat' dir='ltr'><strong>desiluisse</strong></span> <span class='ocrx_word' id='word_1_134' title='bbox 787 2724 888 2778; x_wconf 79' lang='lat' dir='ltr'>hebent</span> <span class='ocrx_word' id='word_1_135' title='bbox 900 2724 1092 2798; x_wconf 84' lang='lat' dir='ltr'><strong>nonnulliper-</strong></span> 
     </span>
     <span class='ocr_line' id='line_1_22' title="bbox 52 2799 1091 2876; baseline 0.003 -21"><span class='ocrx_word' id='word_1_136' title='bbox 52 2799 178 2876; x_wconf 72' lang='lat' dir='ltr'><strong>liles‚·qnos</strong></span> <span class='ocrx_word' id='word_1_137' title='bbox 186 2805 280 2875; x_wconf 86' lang='lat' dir='ltr'><strong>superi</strong></span> <span class='ocrx_word' id='word_1_138' title='bbox 288 2803 539 2860; x_wconf 78' lang='lat' dir='ltr'><strong>condemnaverunt.</strong></span> <span class='ocrx_word' id='word_1_139' title='bbox 585 2823 685 2876; x_wconf 77' lang='lat' dir='ltr'>peram.</span> <span class='ocrx_word' id='word_1_140' title='bbox 699 2806 857 2858; x_wconf 72' lang='lat' dir='ltr'><strong>criticorum</strong></span> <span class='ocrx_word' id='word_1_141' title='bbox 873 2802 1091 2874; x_wconf 71' lang='lat' dir='ltr'><strong>interpolationes</strong></span> 
     </span>
     <span class='ocr_line' id='line_1_23' title="bbox 76 2879 1144 2958; baseline -0.002 -21"><span class='ocrx_word' id='word_1_142' title='bbox 76 2883 111 2950; x_wconf 77' lang='grc' dir='ltr'><strong>4ο.</strong></span> <span class='ocrx_word' id='word_1_143' title='bbox 125 2885 235 2958; x_wconf 72' lang='lat' dir='ltr'><strong>Fuqam.</strong></span> <span class='ocrx_word' id='word_1_144' title='bbox 250 2881 319 2936; x_wconf 78' lang='lat' dir='ltr'><strong>vide</strong></span> <span class='ocrx_word' id='word_1_145' title='bbox 334 2885 384 2951; x_wconf 83' lang='lat'>111,</span> <span class='ocrx_word' id='word_1_146' title='bbox 401 2885 491 2948; x_wconf 76' lang='lat'>6‚26.</span> <span class='ocrx_word' id='word_1_147' title='bbox 584 2883 798 2936; x_wconf 84' lang='lat' dir='ltr'><strong>Hernsterhusius</strong></span> <span class='ocrx_word' id='word_1_148' title='bbox 825 2879 921 2953; x_wconf 78' lang='lat' dir='ltr'><strong>(apud</strong></span> <span class='ocrx_word' id='word_1_149' title='bbox 946 2883 1089 2935; x_wconf 80' lang='lat' dir='ltr'><strong>Burmann.</strong></span> <span class='ocrx_word' id='word_1_150' title='bbox 1139 2945 1144 2952; x_wconf 29' lang='grc' dir='ltr'>ι</span> 
     </span>
     <span class='ocr_line' id='line_1_24' title="bbox 75 2961 1092 3037; baseline 0.003 -22"><span class='ocrx_word' id='word_1_151' title='bbox 75 2961 112 3026; x_wconf 69' lang='grc'><strong>43.</strong></span> <span class='ocrx_word' id='word_1_152' title='bbox 124 2963 174 3015; x_wconf 84' lang='lat' dir='ltr'><strong>Sed</strong></span> <span class='ocrx_word' id='word_1_153' title='bbox 184 2979 367 3036; x_wconf 78' lang='lat' dir='ltr'><strong>quascumque</strong></span> <span class='ocrx_word' id='word_1_154' title='bbox 380 2963 452 3016; x_wconf 80' lang='lat' dir='ltr'><strong>dedis</strong></span> <span class='ocrx_word' id='word_1_155' title='bbox 464 2973 541 3017; x_wconf 70' lang='lat' dir='ltr'><strong>uestes</strong></span> <span class='ocrx_word' id='word_1_156' title='bbox 583 2985 645 3037; x_wconf 73' lang='lat' dir='ltr'>pag.</span> <span class='ocrx_word' id='word_1_157' title='bbox 659 2966 726 3035; x_wconf 69' lang='lat'>940)</span> <span class='ocrx_word' id='word_1_158' title='bbox 736 2964 858 3026; x_wconf 70' lang='lat' dir='ltr'><strong>disemis,</strong></span> <span class='ocrx_word' id='word_1_159' title='bbox 870 2975 900 3014; x_wconf 84' lang='lat' dir='ltr'><strong>ut</strong></span> <span class='ocrx_word' id='word_1_160' title='bbox 912 2963 996 3030; x_wconf 84' lang='lat' dir='ltr'><strong>soles,</strong></span> <span class='ocrx_word' id='word_1_161' title='bbox 1006 2966 1092 3018; x_wconf 82' lang='lat' dir='ltr'><strong>retio-</strong></span> 
     </span>
     <span class='ocr_line' id='line_1_25' title="bbox 6 3039 1091 3114; baseline 0.004 -22"><span class='ocrx_word' id='word_1_162' title='bbox 6 3061 8 3098; x_wconf 70' lang='grc' dir='ltr'><strong><em>ς</em></strong></span> <span class='ocrx_word' id='word_1_163' title='bbox 51 3039 118 3094; x_wconf 69' lang='lat' dir='ltr'><strong>rivulis</strong></span> <span class='ocrx_word' id='word_1_164' title='bbox 129 3045 177 3095; x_wconf 81' lang='lat' dir='ltr'><strong>isse</strong></span> <span class='ocrx_word' id='word_1_165' title='bbox 192 3059 271 3094; x_wconf 87' lang='lat' dir='ltr'><strong>meus</strong></span> <span class='ocrx_word' id='word_1_166' title='bbox 285 3041 331 3092; x_wconf 76' lang='lat' dir='ltr'><strong>sibi</strong></span> <span class='ocrx_word' id='word_1_167' title='bbox 342 3041 466 3114; x_wconf 68' lang='lat' dir='ltr'><strong>Cynthia.</strong></span> <span class='ocrx_word' id='word_1_168' title='bbox 584 3045 663 3098; x_wconf 86' lang='lat' dir='ltr'><strong>nibus</strong></span> <span class='ocrx_word' id='word_1_169' title='bbox 678 3046 808 3096; x_wconf 76' lang='lat' dir='ltr'><strong>confusus.</strong></span> <span class='ocrx_word' id='word_1_170' title='bbox 823 3043 928 3096; x_wconf 72' lang='lat' dir='ltr'><strong>Sortitus</strong></span> <span class='ocrx_word' id='word_1_171' title='bbox 946 3062 1007 3095; x_wconf 86' lang='lat' dir='ltr'><strong>eum</strong></span> <span class='ocrx_word' id='word_1_172' title='bbox 1026 3043 1091 3096; x_wconf 81' lang='lat' dir='ltr'><strong>coelo</strong></span> 
     </span>
     <span class='ocr_line' id='line_1_26' title="bbox 6 3119 1100 3195; baseline 0.001 -22"><span class='ocrx_word' id='word_1_173' title='bbox 6 3119 7 3150; x_wconf 49' lang='lat' dir='ltr'><strong>l</strong></span> <span class='ocrx_word' id='word_1_174' title='bbox 75 3120 111 3186; x_wconf 71' lang='grc'><strong>45,</strong></span> <span class='ocrx_word' id='word_1_175' title='bbox 125 3124 157 3174; x_wconf 75' lang='lat' dir='ltr'><strong>in</strong></span> <span class='ocrx_word' id='word_1_176' title='bbox 172 3139 275 3174; x_wconf 79' lang='lat' dir='ltr'><strong>sanum</strong></span> <span class='ocrx_word' id='word_1_177' title='bbox 285 3120 375 3193; x_wconf 80' lang='lat' dir='ltr'>ferre,</span> <span class='ocrx_word' id='word_1_178' title='bbox 391 3120 537 3194; x_wconf 79' lang='lat' dir='ltr'><strong>dissipare,</strong></span> <span class='ocrx_word' id='word_1_179' title='bbox 580 3127 692 3195; x_wconf 87' lang='lat' dir='ltr'><strong>junctus</strong></span> <span class='ocrx_word' id='word_1_180' title='bbox 701 3137 794 3195; x_wconf 79' lang='lat' dir='ltr'>aperto</span> <span class='ocrx_word' id='word_1_181' title='bbox 805 3139 884 3174; x_wconf 85' lang='lat' dir='ltr'><strong>sensu</strong></span> <span class='ocrx_word' id='word_1_182' title='bbox 892 3125 1008 3174; x_wconf 79' lang='lat' dir='ltr'><strong>tonitrua</strong></span> <span class='ocrx_word' id='word_1_183' title='bbox 1019 3135 1100 3186; x_wconf 61' lang='lat' dir='ltr'><strong>sunt„</strong></span> 
     </span>
     <span class='ocr_line' id='line_1_27' title="bbox 6 3197 1093 3270; baseline 0.002 -20"><span class='ocrx_word' id='word_1_184' title='bbox 6 3197 7 3200; x_wconf 66' lang='grc'>’</span> <span class='ocrx_word' id='word_1_185' title='bbox 51 3200 287 3270; x_wconf 74' lang='lat' dir='ltr'>solorre—Qua</span> <span class='ocrx_word' id='word_1_186' title='bbox 309 3199 463 3266; x_wconf 70' lang='lat' dir='ltr'><strong>silicem,</strong></span> <span class='ocrx_word' id='word_1_187' title='bbox 486 3212 537 3252; x_wconf 80' lang='lat' dir='ltr'>etc.</span> <span class='ocrx_word' id='word_1_188' title='bbox 586 3202 682 3257; x_wconf 84' lang='lat' dir='ltr'><strong>Videre</strong></span> <span class='ocrx_word' id='word_1_189' title='bbox 696 3200 729 3254; x_wconf 90' lang='lat' dir='ltr'><strong>de</strong></span> <span class='ocrx_word' id='word_1_190' title='bbox 742 3203 844 3264; x_wconf 77' lang='lat' dir='ltr'><strong>sonitu,</strong></span> <span class='ocrx_word' id='word_1_191' title='bbox 858 3213 890 3252; x_wconf 85' lang='lat' dir='ltr'><strong>ut</strong></span> <span class='ocrx_word' id='word_1_192' title='bbox 903 3219 963 3252; x_wconf 86' lang='lat' dir='ltr'><strong>mox</strong></span> <span class='ocrx_word' id='word_1_193' title='bbox 977 3203 1093 3270; x_wconf 85' lang='lat' dir='ltr'>Noster,</span> 
     </span>
     <span class='ocr_line' id='line_1_28' title="bbox 6 3277 1093 3354; baseline 0.001 -21"><span class='ocrx_word' id='word_1_194' title='bbox 6 3281 7 3318; x_wconf 57' lang='grc' dir='ltr'>ἓ</span> <span class='ocrx_word' id='word_1_195' title='bbox 49 3277 538 3354; x_wconf 75' lang='lat' dir='ltr'><strong>dlieoisiquidopssrenrirritnsneo</strong></span> <span class='ocrx_word' id='word_1_196' title='bbox 585 3285 651 3353; x_wconf 68' lang='lat' dir='ltr'>eleg.</span> <span class='ocrx_word' id='word_1_197' title='bbox 669 3284 720 3349; x_wconf 70' lang='grc' dir='ltr'><strong>δᾳ,</strong></span> <span class='ocrx_word' id='word_1_198' title='bbox 739 3300 788 3353; x_wconf 86' lang='lat'><strong>27:</strong></span> <span class='ocrx_word' id='word_1_199' title='bbox 806 3281 884 3333; x_wconf 78' lang='lat' dir='ltr'><strong>slllio</strong></span> <span class='ocrx_word' id='word_1_200' title='bbox 895 3282 1019 3354; x_wconf 81' lang='lat' dir='ltr'><strong>adspicies</strong></span> <span class='ocrx_word' id='word_1_201' title='bbox 1030 3299 1093 3334; x_wconf 87' lang='lat' dir='ltr'><strong>seo-</strong></span> 
     </span>
     <span class='ocr_line' id='line_1_29' title="bbox 6 3357 1102 3436; baseline 0.005 -27"><span class='ocrx_word' id='word_1_202' title='bbox 6 3413 7 3426; x_wconf 13' lang='grc' dir='ltr'><strong>χ</strong></span> <span class='ocrx_word' id='word_1_203' title='bbox 50 3361 93 3412; x_wconf 82' lang='lat' dir='ltr'><strong>s&#39;ne</strong></span> <span class='ocrx_word' id='word_1_204' title='bbox 107 3361 191 3414; x_wconf 79' lang='lat' dir='ltr'><strong>irucm</strong></span> <span class='ocrx_word' id='word_1_205' title='bbox 211 3358 335 3424; x_wconf 82' lang='lat' dir='ltr'>cederet,</span> <span class='ocrx_word' id='word_1_206' title='bbox 355 3357 408 3410; x_wconf 85' lang='lat' dir='ltr'>hoe</span> <span class='ocrx_word' id='word_1_207' title='bbox 427 3361 539 3411; x_wconf 72' lang='lat' dir='ltr'><strong>uicinis</strong></span> <span class='ocrx_word' id='word_1_208' title='bbox 584 3363 655 3436; x_wconf 88' lang='lat' dir='ltr'><strong>pulis</strong></span> <span class='ocrx_word' id='word_1_209' title='bbox 678 3361 777 3414; x_wconf 71' lang='lat' dir='ltr'>herere</span> <span class='ocrx_word' id='word_1_210' title='bbox 800 3361 927 3426; x_wconf 85' lang='lat' dir='ltr'><strong>Sorores,</strong></span> <span class='ocrx_word' id='word_1_211' title='bbox 948 3359 981 3412; x_wconf 80' lang='lat' dir='ltr'><strong>Et</strong></span> <span class='ocrx_word' id='word_1_212' title='bbox 999 3379 1102 3416; x_wconf 68' lang='lat' dir='ltr'>canere,</span> 
     </span>
     <span class='ocr_line' id='line_1_30' title="bbox 49 3437 1094 3514; baseline -0.002 -22"><span class='ocrx_word' id='word_1_213' title='bbox 49 3449 131 3492; x_wconf 63' lang='lat' dir='ltr'>serere</span> <span class='ocrx_word' id='word_1_214' title='bbox 153 3453 202 3493; x_wconf 83' lang='lat' dir='ltr'><strong>ent</strong></span> <span class='ocrx_word' id='word_1_215' title='bbox 228 3455 299 3509; x_wconf 81' lang='lat' dir='ltr'>eque</span> <span class='ocrx_word' id='word_1_216' title='bbox 323 3437 413 3506; x_wconf 82' lang='lat' dir='ltr'><strong>lieres,</strong></span> <span class='ocrx_word' id='word_1_217' title='bbox 437 3439 540 3511; x_wconf 85' lang='lat' dir='ltr'>preenri</span> <span class='ocrx_word' id='word_1_218' title='bbox 586 3444 689 3514; x_wconf 73' lang='lat' dir='ltr'><strong>antiqui</strong></span> <span class='ocrx_word' id='word_1_219' title='bbox 708 3440 796 3493; x_wconf 84' lang='lat' dir='ltr'><strong>dulcia</strong></span> <span class='ocrx_word' id='word_1_220' title='bbox 814 3439 885 3492; x_wconf 81' lang='lat' dir='ltr'>forre</span> <span class='ocrx_word' id='word_1_221' title='bbox 905 3440 1009 3492; x_wconf 75' lang='lat' dir='ltr'><strong>iovis·</strong></span> <span class='ocrx_word' id='word_1_222' title='bbox 1027 3440 1094 3492; x_wconf 87' lang='lat' dir='ltr'>Per-</span> 
     </span>
     <span class='ocr_line' id='line_1_31' title="bbox 6 3517 1095 3590; baseline 0 -18"><span class='ocrx_word' id='word_1_223' title='bbox 6 3561 7 3566; x_wconf 23' lang='lat'><em>*</em></span> <span class='ocrx_word' id='word_1_224' title='bbox 49 3517 145 3572; x_wconf 79' lang='lat' dir='ltr'><strong>lomois</strong></span> <span class='ocrx_word' id='word_1_225' title='bbox 166 3531 234 3573; x_wconf 77' lang='lat' dir='ltr'>eras.</span> <span class='ocrx_word' id='word_1_226' title='bbox 253 3517 354 3570; x_wconf 89' lang='lat' dir='ltr'><strong>Tibull.</strong></span> <span class='ocrx_word' id='word_1_227' title='bbox 375 3520 403 3586; x_wconf 93' lang='lat' dir='ltr'><strong>l,</strong></span> <span class='ocrx_word' id='word_1_228' title='bbox 424 3535 460 3588; x_wconf 88' lang='lat'><strong>9,</strong></span> <span class='ocrx_word' id='word_1_229' title='bbox 486 3535 539 3572; x_wconf 73' lang='grc' dir='ltr'><strong>ιιι</strong></span> <span class='ocrx_word' id='word_1_230' title='bbox 586 3539 687 3575; x_wconf 76' lang='lat' dir='ltr'>sumre</span> <span class='ocrx_word' id='word_1_231' title='bbox 715 3533 803 3573; x_wconf 78' lang='lat' dir='ltr'>autern</span> <span class='ocrx_word' id='word_1_232' title='bbox 828 3517 950 3572; x_wconf 80' lang='lat' dir='ltr'><strong>obsolute</strong></span> <span class='ocrx_word' id='word_1_233' title='bbox 975 3521 1095 3590; x_wconf 80' lang='lat' dir='ltr'><strong>positum</strong></span> 
     </span>
     <span class='ocr_line' id='line_1_32' title="bbox 51 3597 1094 3670; baseline 0 -20"><span class='ocrx_word' id='word_1_234' title='bbox 51 3599 211 3653; x_wconf 73' lang='lat' dir='ltr'><strong>¹lluuerilnus</strong></span> <span class='ocrx_word' id='word_1_235' title='bbox 220 3615 296 3651; x_wconf 81' lang='lat' dir='ltr'><strong>meus</strong></span> <span class='ocrx_word' id='word_1_236' title='bbox 305 3611 345 3650; x_wconf 88' lang='lat' dir='ltr'><strong>est</strong></span> <span class='ocrx_word' id='word_1_237' title='bbox 354 3611 449 3670; x_wconf 74' lang='lat' dir='ltr'><strong>ceptus</strong></span> <span class='ocrx_word' id='word_1_238' title='bbox 459 3616 539 3670; x_wconf 81' lang='lat' dir='ltr'>puers</span> <span class='ocrx_word' id='word_1_239' title='bbox 585 3601 772 3654; x_wconf 76' lang='lat' dir='ltr'><strong>Lachmannus</strong></span> <span class='ocrx_word' id='word_1_240' title='bbox 795 3599 882 3651; x_wconf 80' lang='lat' dir='ltr'>firmet</span> <span class='ocrx_word' id='word_1_241' title='bbox 904 3598 1020 3650; x_wconf 75' lang='lat' dir='ltr'><strong>Lucretii</strong></span> <span class='ocrx_word' id='word_1_242' title='bbox 1045 3597 1094 3650; x_wconf 82' lang='lat' dir='ltr'><strong>od-</strong></span> 
     </span>
     <span class='ocr_line' id='line_1_33' title="bbox 49 3675 1095 3750; baseline 0 -22"><span class='ocrx_word' id='word_1_243' title='bbox 49 3678 138 3732; x_wconf 82' lang='lat' dir='ltr'><strong>esdens</strong></span> <span class='ocrx_word' id='word_1_244' title='bbox 148 3679 193 3732; x_wconf 81' lang='lat' dir='ltr'><strong>ille</strong></span> <span class='ocrx_word' id='word_1_245' title='bbox 206 3683 238 3732; x_wconf 89' lang='lat' dir='ltr'><strong>ln</strong></span> <span class='ocrx_word' id='word_1_246' title='bbox 252 3679 369 3730; x_wconf 84' lang='lat' dir='ltr'><strong>cinerem</strong></span> <span class='ocrx_word' id='word_1_247' title='bbox 381 3691 408 3730; x_wconf 86' lang='lat' dir='ltr'>et</span> <span class='ocrx_word' id='word_1_248' title='bbox 426 3676 541 3750; x_wconf 79' lang='lat' dir='ltr'><strong>liquidas</strong></span> <span class='ocrx_word' id='word_1_249' title='bbox 586 3677 640 3731; x_wconf 80' lang='lat' dir='ltr'>loro</span> <span class='ocrx_word' id='word_1_250' title='bbox 657 3695 734 3730; x_wconf 81' lang='lat' dir='ltr'>versu</span> <span class='ocrx_word' id='word_1_251' title='bbox 752 3679 792 3743; x_wconf 80' lang='lat' dir='ltr'><strong>V,</strong></span> <span class='ocrx_word' id='word_1_252' title='bbox 808 3675 876 3742; x_wconf 69' lang='lat'><strong>1406</strong></span> <span class='ocrx_word' id='word_1_253' title='bbox 891 3696 898 3726; x_wconf 77' lang='lat' dir='ltr'><strong>s</strong></span> <span class='ocrx_word' id='word_1_254' title='bbox 920 3677 979 3728; x_wconf 69' lang='lat' dir='ltr'><strong>nEt</strong></span> <span class='ocrx_word' id='word_1_255' title='bbox 997 3677 1095 3746; x_wconf 71' lang='lat' dir='ltr'><strong>superi</strong></span> 
     </span>
     <span class='ocr_line' id='line_1_34' title="bbox 49 3752 1094 3830; baseline -0.004 -22"><span class='ocrx_word' id='word_1_256' title='bbox 49 3771 141 3812; x_wconf 83' lang='lat' dir='ltr'>uouere</span> <span class='ocrx_word' id='word_1_257' title='bbox 151 3771 238 3812; x_wconf 78' lang='lat' dir='ltr'>vertet</span> <span class='ocrx_word' id='word_1_258' title='bbox 250 3775 343 3830; x_wconf 79' lang='lat' dir='ltr'><strong>eques.</strong></span> <span class='ocrx_word' id='word_1_259' title='bbox 355 3780 367 3804; x_wconf 76' lang='grc' dir='ltr'>ι</span> <span class='ocrx_word' id='word_1_260' title='bbox 587 3755 705 3810; x_wconf 80' lang='lat' dir='ltr'><strong>calamos</strong></span> <span class='ocrx_word' id='word_1_261' title='bbox 720 3773 791 3807; x_wconf 89' lang='lat' dir='ltr'><strong>unco</strong></span> <span class='ocrx_word' id='word_1_262' title='bbox 810 3771 967 3825; x_wconf 84' lang='lat' dir='ltr'>percurrere</span> <span class='ocrx_word' id='word_1_263' title='bbox 983 3752 1094 3807; x_wconf 72' lang='lat' dir='ltr'>labro.-</span> 
     </span>
     <span class='ocr_line' id='line_1_35' title="bbox 75 3833 874 3910; baseline -0.008 -20"><span class='ocrx_word' id='word_1_264' title='bbox 75 3839 114 3908; x_wconf 70' lang='grc'><strong>47.</strong></span> <span class='ocrx_word' id='word_1_265' title='bbox 127 3839 189 3892; x_wconf 79' lang='lat' dir='ltr'><strong>Non</strong></span> <span class='ocrx_word' id='word_1_266' title='bbox 200 3855 305 3910; x_wconf 79' lang='lat' dir='ltr'>semper</span> <span class='ocrx_word' id='word_1_267' title='bbox 316 3835 398 3903; x_wconf 80' lang='lat' dir='ltr'><strong>rides,</strong></span> <span class='ocrx_word' id='word_1_268' title='bbox 415 3853 475 3888; x_wconf 84' lang='lat' dir='ltr'><strong>oum</strong></span> <span class='ocrx_word' id='word_1_269' title='bbox 488 3837 543 3889; x_wconf 85' lang='lat' dir='ltr'><strong>risu</strong></span> <span class='ocrx_word' id='word_1_270' title='bbox 625 3837 668 3890; x_wconf 83' lang='lat'><strong>53.</strong></span> <span class='ocrx_word' id='word_1_271' title='bbox 680 3833 749 3901; x_wconf 83' lang='lat' dir='ltr'><strong>Ille,</strong></span> <span class='ocrx_word' id='word_1_272' title='bbox 761 3835 874 3904; x_wconf 79' lang='lat' dir='ltr'><strong>Jupiter.</strong></span> 
     </span>
    </p>
   </div>
   <div class='ocr_carea' id='block_1_3' title="bbox 50 3909 1099 4222">
    <p class='ocr_par' dir='ltr' id='par_1_3' title="bbox 50 3909 1098 3990">
     <span class='ocr_line' id='line_1_36' title="bbox 50 3909 1098 3990; baseline -0.005 -20"><span class='ocrx_word' id='word_1_273' title='bbox 50 3915 290 3990; x_wconf 54' lang='lat' dir='ltr'><strong>menpiscus&amp;</strong></span> <span class='ocrx_word' id='word_1_274' title='bbox 625 3913 668 3968; x_wconf 84' lang='lat'><strong>55.</strong></span> <span class='ocrx_word' id='word_1_275' title='bbox 691 3913 766 3978; x_wconf 77' lang='lat' dir='ltr'><strong>Tibi,</strong></span> <span class='ocrx_word' id='word_1_276' title='bbox 792 3909 917 3983; x_wconf 69' lang='lat' dir='ltr'><strong>Cynthio.</strong></span> <span class='ocrx_word' id='word_1_277' title='bbox 938 3939 975 3950; x_wconf 84' lang='grc'>-</span> <span class='ocrx_word' id='word_1_278' title='bbox 1002 3909 1038 3963; x_wconf 73' lang='lat' dir='ltr'><strong>Ut</strong></span> <span class='ocrx_word' id='word_1_279' title='bbox 1060 3913 1098 3965; x_wconf 61' lang='grc' dir='ltr'><strong>εἰ·</strong></span> 
     </span>
    </p>

    <p class='ocr_par' dir='ltr' id='par_1_4' title="bbox 51 3988 1099 4222">
     <span class='ocr_line' id='line_1_37' title="bbox 77 3988 1098 4066; baseline -0.006 -17"><span class='ocrx_word' id='word_1_280' title='bbox 77 3996 114 4065; x_wconf 74' lang='grc'><strong>49.</strong></span> <span class='ocrx_word' id='word_1_281' title='bbox 134 3996 258 4060; x_wconf 74' lang='lat' dir='ltr'><strong>Vidistis,</strong></span> <span class='ocrx_word' id='word_1_282' title='bbox 276 4006 328 4046; x_wconf 83' lang='lat' dir='ltr'><strong>eso.</strong></span> <span class='ocrx_word' id='word_1_283' title='bbox 349 3993 459 4066; x_wconf 79' lang='lat' dir='ltr'><strong>Optime</strong></span> <span class='ocrx_word' id='word_1_284' title='bbox 478 3994 543 4046; x_wconf 86' lang='lat' dir='ltr'><strong>sori·</strong></span> <span class='ocrx_word' id='word_1_285' title='bbox 588 4011 674 4058; x_wconf 81' lang='lat' dir='ltr'><strong>mess,</strong></span> <span class='ocrx_word' id='word_1_286' title='bbox 693 3991 793 4064; x_wconf 77' lang='lat' dir='ltr'><strong>quoties</strong></span> <span class='ocrx_word' id='word_1_287' title='bbox 810 3988 914 4043; x_wconf 77' lang='lat' dir='ltr'><strong>nubilus</strong></span> <span class='ocrx_word' id='word_1_288' title='bbox 929 3989 1028 4042; x_wconf 78' lang='lat' dir='ltr'>Auster</span> <span class='ocrx_word' id='word_1_289' title='bbox 1038 3991 1098 4044; x_wconf 78' lang='lat' dir='ltr'><strong>eris.</strong></span> 
     </span>
     <span class='ocr_line' id='line_1_38' title="bbox 51 4067 1099 4142; baseline -0.007 -13"><span class='ocrx_word' id='word_1_290' title='bbox 51 4075 181 4142; x_wconf 66' lang='lat' dir='ltr'><strong>ponsa</strong></span> <span class='ocrx_word' id='word_1_291' title='bbox 192 4073 326 4127; x_wconf 86' lang='lat' dir='ltr'><strong>librorum</strong></span> <span class='ocrx_word' id='word_1_292' title='bbox 341 4075 476 4138; x_wconf 86' lang='lat' dir='ltr'><strong>omnium,</strong></span> <span class='ocrx_word' id='word_1_293' title='bbox 492 4075 544 4126; x_wconf 88' lang='lat' dir='ltr'><strong>nisi</strong></span> <span class='ocrx_word' id='word_1_294' title='bbox 589 4072 687 4126; x_wconf 83' lang='lat' dir='ltr'>Confer</span> <span class='ocrx_word' id='word_1_295' title='bbox 705 4069 840 4124; x_wconf 77' lang='lat' dir='ltr'><strong>luvenalis</strong></span> <span class='ocrx_word' id='word_1_296' title='bbox 862 4067 896 4122; x_wconf 92' lang='lat' dir='ltr'><strong>ds</strong></span> <span class='ocrx_word' id='word_1_297' title='bbox 915 4067 1037 4122; x_wconf 78' lang='lat' dir='ltr'><strong>sontibus</strong></span> <span class='ocrx_word' id='word_1_298' title='bbox 1055 4067 1099 4122; x_wconf 88' lang='lat' dir='ltr'><strong>lo-</strong></span> 
     </span>
     <span class='ocr_line' id='line_1_39' title="bbox 52 4148 985 4222; baseline -0.009 -16"><span class='ocrx_word' id='word_1_299' title='bbox 52 4153 113 4222; x_wconf 74' lang='lat' dir='ltr'><strong>qnos</strong></span> <span class='ocrx_word' id='word_1_300' title='bbox 130 4157 158 4207; x_wconf 89' lang='lat' dir='ltr'><strong>in</strong></span> <span class='ocrx_word' id='word_1_301' title='bbox 178 4156 283 4207; x_wconf 82' lang='lat' dir='ltr'><strong>minore</strong></span> <span class='ocrx_word' id='word_1_302' title='bbox 307 4171 385 4206; x_wconf 76' lang='lat' dir='ltr'>versu</span> <span class='ocrx_word' id='word_1_303' title='bbox 408 4151 545 4207; x_wconf 78' lang='lat' dir='ltr'><strong>dissiluisse</strong></span> <span class='ocrx_word' id='word_1_304' title='bbox 590 4171 668 4218; x_wconf 87' lang='lat' dir='ltr'><strong>cum,</strong></span> <span class='ocrx_word' id='word_1_305' title='bbox 683 4165 733 4203; x_wconf 77' lang='lat' dir='ltr'><strong>ses.</strong></span> <span class='ocrx_word' id='word_1_306' title='bbox 747 4148 985 4219; x_wconf 75' lang='lat' dir='ltr'><strong>xn1,223-226.</strong></span> 
     </span>
    </p>
   </div>
   <div class='ocr_carea' id='block_1_4' title="bbox 897 4241 934 4304">
    <p class='ocr_par' dir='ltr' id='par_1_5' title="bbox 897 4241 934 4304">
     <span class='ocr_line' id='line_1_40' title="bbox 897 4241 934 4304; baseline 0 0"><span class='ocrx_word' id='word_1_307' title='bbox 897 4241 934 4304; x_wconf 76' lang='lat'><strong>15</strong></span> 
     </span>
    </p>
   </div>
   <div class='ocr_carea' id='block_1_5' title="bbox 0 0 1408 4974">
    <p class='ocr_par' dir='ltr' id='par_1_6' title="bbox 0 0 1408 4974">
     <span class='ocr_line' id='line_1_41' title="bbox 0 0 1408 4974; baseline 0 0"><span class='ocrx_word' id='word_1_308' title='bbox 0 0 1408 4974; x_wconf 95' lang='lat' dir='ltr'><strong> </strong></span> 
     </span>
    </p>
   </div>
  </div>
 </body>
</html>
