2940 4974
626 611 873 708 ELEGIA
904 610 995 708 ΙΙΙ.

661 849 723 914 DE
745 846 969 914 CYNTHlA.

707 1290 933 1334 incontritus

333 1409 492 1468 Protracto
504 1407 538 1466 in
549 1425 648 1467 seram
660 1415 783 1466 noctem
793 1426 866 1466 cum
877 1403 985 1465 amicis
998 1405 1155 1483 convivio,
1167 1405 1270 1468 ebrius
1280 1406 1355 1468 adit

294 1498 463 1590 Cynthium
483 1515 513 1564 et
534 1503 673 1564 deditam
694 1524 763 1564 eam
784 1503 904 1564 invenit
925 1522 1036 1563 somno
1056 1503 1246 1584 Propertius.
1265 1503 1354 1564 Dor·

294 1604 457 1676 mientem‚
475 1599 630 1682 quidquid
644 1601 738 1660 Amor
752 1601 895 1676 suaserit,
910 1599 1040 1660 excitare
1053 1597 1144 1660 furtis
1158 1620 1225 1660 non
1239 1619 1354 1676 ausus,

293 1700 421 1761 intentis
435 1697 573 1782 puellam
590 1710 723 1758 miratur
736 1688 850 1774 oculis3
871 1719 945 1758 mox
962 1709 1053 1758 ornat
1073 1689 1202 1758 floribus
1221 1694 1355 1778 capillos

295 1817 461 1880 reparans;
479 1797 504 1856 si
518 1793 599 1856 forte
614 1797 700 1876 quies
713 1796 834 1857 turbari
848 1797 912 1856 viss
926 1797 982 1872 sit,
998 1795 1102 1856 statim
1121 1794 1230 1854 anxius
1250 1807 1281 1852 et
1303 1793 1356 1852 fu-

296 1909 383 1954 nesta
400 1914 532 1975 pavens:
549 1892 650 1952 donec
663 1893 748 1953 lunae
761 1891 854 1952 radiis
868 1903 1042 1975 experrecta
1055 1891 1126 1968 illa,
1140 1888 1298 1974 perfidum
1311 1888 1356 1950 ad

296 2013 327 2052 se
340 1991 440 2052 redire
457 1991 601 2066 tandem,
620 2011 713 2072 quem
728 1990 791 2050 alia
804 2012 871 2051 non
890 1991 1063 2066 admiserit,
1084 2000 1256 2050 amatorem
1274 2007 1357 2067 que·

298 2091 392 2165 ritur,
410 2087 485 2148 tales
505 2085 619 2148 habeat
636 2088 702 2169 ipse
714 2099 816 2148 noctes
831 2087 1013 2171 adprecans,
1024 2087 1130 2169 quales
1139 2085 1231 2147 tedio
1245 2103 1358 2166 graves

298 2207 418 2269 semper
431 2186 465 2246 in
480 2207 586 2246 amore
600 2185 659 2246 sibi
673 2188 745 2246 sint.

768 2386 881 2405 ⁸-

349 2491 492 2629 QUALIS
504 2521 636 2593 Thesea
644 2523 752 2619 jacuit
762 2521 902 2596 cedente
913 2529 1028 2594 carina

268 2662 273 2676 ·
370 2633 546 2727 Languida
556 2635 698 2706 desertis
712 2640 840 2718 Gnosia
851 2637 1022 2718 litoribus;

347 2743 463 2831 Qualis
475 2759 510 2811 et
521 2742 684 2812 adcubuit
693 2748 804 2838 primo
818 2745 963 2838 Cepheia
976 2766 1097 2812 somno

394 2853 516 2921 Libera
523 2851 596 2946 jam
610 2853 704 2924 duris
719 2856 872 2926 cautibus
884 2851 1117 2938 Andromede3

343 3094 366 3128 r.
374 3075 465 3127 Jacuit
475 3073 615 3150 languida,
629 3095 724 3130 somno
735 3077 808 3132 scili·
853 3081 920 3150 regis
932 3077 1086 3149 AEthiopum
1097 3073 1164 3142 fitis,
1174 3087 1285 3148 propter
1298 3075 1364 3129 Cas-

305 3169 400 3208 cet.-
409 3157 522 3221 Gnosia,
532 3155 657 3210 Ariadna.
667 3155 737 3209 Urbs
747 3159 810 3211 Cre-
853 3163 941 3232 siopes
955 3161 1046 3212 matris
1064 3155 1232 3230 superbiam,
1246 3175 1314 3228 quae
1332 3175 1364 3210 se

305 3249 338 3287 tae
356 3234 462 3288 Gnosus
483 3249 557 3302 erat,
582 3237 610 3288 iu
636 3253 689 3309 qua
709 3239 809 3309 regium
854 3237 984 3312 Nymphis
998 3237 1160 3309 protulerat,
1174 3235 1286 3306 adligata
1298 3255 1364 3289 sco-

305 3315 393 3365 Minos
409 3311 513 3365 habuit.
529 3311 646 3366 Ariadna
659 3315 716 3384 ipss
737 3313 811 3386 apud
854 3317 924 3389 pulis
936 3331 963 3370 et
976 3331 1094 3369 monstro
1105 3317 1209 3368 marino
1224 3317 1365 3386 exposita,

306 3392 386 3446 Ovid.
397 3391 524 3445 Heroidd.
534 3394 573 3459 X,
583 3392 599 3444 3
610 3413 617 3445 s
632 3395 719 3463 «Qum
731 3393 809 3466 legis,
855 3394 917 3447 dein
934 3413 950 3447 a
963 3397 1059 3448 Perseo
1072 3393 1192 3446 liberata.
1210 3393 1285 3446 Ovid.
1301 3393 1365 3444 Me·

308 3472 410 3540 exilio,
424 3472 545 3539 Theseu,
559 3472 609 3524 tibi
624 3472 702 3525 litore
719 3475 811 3542 mitto,
855 3487 918 3527 tam.
935 3477 980 3541 lv,
996 3475 1047 3544 663
1062 3493 1120 3547 sqq.
1135 3475 1232 3547 Hygin.
1247 3471 1301 3524 fab.
1315 3471 1362 3538 64.

308 3551 385 3604 Unde
394 3565 469 3604 tuam
479 3553 535 3604 sinc
549 3569 591 3603 me
600 3551 658 3603 vein
672 3549 756 3604 tulere
770 3571 812 3605 ra·
856 3555 990 3605 —Primo
999 3571 1090 3604 somno
1099 3551 1236 3615 adcubuit,
1245 3551 1364 3622 primum

308 3646 377 3694 term
393 3633 493 3705 inquo
504 3635 547 3684 ine
561 3651 723 3705 somnusque
738 3652 812 3686 meus
857 3647 935 3686 nacta
950 3650 1074 3684 somnum
1091 3631 1193 3684 cubuit.
1209 3631 1278 3682 Nam
1296 3647 1363 3682 sen-

136 3716 141 3728 ¹
225 3741 228 3751 ·
309 3709 377 3762 mele
395 3709 529 3782 prodidit,
544 3722 625 3776 etto,
643 3709 693 3761 Per
709 3711 812 3764 facinus
857 3732 915 3767 sum
928 3712 1067 3764 manifesto
1075 3711 1319 3782 corrumpimus,si
1329 3707 1366 3762 de

308 3791 408 3852 somnis
423 3787 545 3841 insidiate
561 3790 658 3841 meis.»
681 3789 748 3842 Vide
760 3791 813 3844 Ca·
857 3793 945 3865 prima
955 3793 1265 3864 nocteinterpretnmur,
1281 3807 1366 3862 quem

310 3867 368 3920 tull.
386 3867 473 3920 carm.
493 3869 590 3938 LXIV,
610 3869 643 3923 52
664 3889 724 3944 sqq.
742 3875 813 3923 etin
858 3871 993 3924 liberatori
1007 3887 1056 3923 suo
1071 3868 1164 3942 puelia
1178 3867 1287 3922 dederit.
1306 3867 1365 3920 Ad*

310 3947 426 4000 Ariadna
454 3967 503 4001 sus
533 3951 663 4022 tragicum
694 3963 815 4004 nostrum
857 3951 1145 4004 cumbereetadcubare
1155 3969 1205 4022 pro
1220 3947 1365 4022 simpicit-

210 4096 212 4099 .
313 4025 428 4079 Thomas
439 4025 596 4079 Cornum
859 4031 918 4082 bare
932 4037 1137 4102 nonnumquam
1155 4048 1212 4082 esse
1230 4028 1365 4100 positum,

347 4104 373 4156 3.
391 4101 505 4174 Cepheia
517 4103 683 4159 Andromede
689 4143 698 4172 ,
713 4105 813 4178 Cephei
858 4107 1139 4179 Lachmannpdlv,
1155 4125 1202 4174 tr,
1217 4107 1267 4178 rr)
1278 4119 1366 4160 osteu-
