2940 4974
306 455 348 522 58
619 460 884 528 PROPERTll
908 463 996 536 LlB.
1022 465 1050 528 Ι.

350 587 392 650 Et
403 585 507 651 miser
517 585 649 676 ignotos
662 591 801 679 vestigia
812 587 901 656 ferre
911 613 972 682 per
986 592 1095 682 ignes,

398 697 439 760 Et
450 691 565 762 bibere
578 718 597 761 e
608 711 679 764 tota
691 701 799 766 toxica
809 697 997 768 Thessalia.

350 807 425 869 Non
438 820 490 871 est
501 805 557 873 illa
570 809 662 898 vagis
675 808 793 876 similis
805 809 926 877 collata
938 810 1079 904 puellis:

397 912 546 982 Molliter
558 919 655 984 irasci
667 942 736 988 non
752 921 834 988 sciet
844 919 902 988 illa
913 919 983 990 tibi.

348 1023 447 1109 Quod
459 1027 487 1092 si
499 1025 585 1094 forte
596 1031 663 1096 tuis
676 1054 746 1097 non
759 1046 811 1098 est
822 1033 990 1098 contraria
1001 1035 1103 1116 votis,

395 1139 437 1201 At
448 1136 508 1204 tihi
521 1161 680 1207 curarum
691 1137 796 1210 millia
811 1161 936 1236 quanta
948 1143 1056 1211 dabit!
1330 1165 1361 1198 ¹0

348 1248 422 1321 Non
434 1246 493 1314 tibi
502 1243 574 1338 jam
586 1273 739 1332 somnos,
754 1275 824 1318 non
837 1252 894 1319 illa
909 1253 1078 1348 relinquet
1088 1253 1225 1322 ocellos.

394 1352 456 1421 llla
467 1354 557 1423 feros
569 1361 690 1426 animis
703 1357 830 1452 adligat
841 1385 910 1433 una
921 1365 1020 1430 viros.

347 1461 397 1534 Ah
409 1487 485 1532 mea
496 1483 686 1534 contemtus
699 1473 831 1562 quoties
843 1470 887 1537 ad
899 1471 1016 1538 limina
1028 1481 1159 1556 curiae,

393 1577 505 1660 Quum
518 1577 579 1644 tibi
591 1579 743 1671 singultu
754 1581 854 1648 fortia
865 1581 969 1652 verba
979 1582 1118 1668 cadent,

346 1687 389 1750 Et
399 1685 565 1755 tremulus
578 1693 704 1758 moestis
716 1695 845 1760 orietur
855 1692 990 1762 fletibus
1003 1694 1140 1777 horror,
1327 1709 1358 1761 ¹5

391 1799 434 1868 Et
443 1799 544 1868 timor
555 1800 734 1874 informem
746 1800 848 1872 ducet
858 1807 894 1872 in
905 1829 964 1874 ore
976 1822 1110 1887 uotam,

336 1979 361 2030 5.
375 1981 410 2032 Et
427 1983 505 2035 miser
515 1985 629 2060 ignotos,
652 2002 703 2042 etc.
723 1992 806 2042 itaet
852 1989 958 2042 exhibet
985 1990 1126 2045 lectionem
1160 1991 1295 2046 Bartbius.
1320 2023 1359 2033 -

299 2056 389 2110 Horat.
412 2059 499 2112 Carra.
520 2065 557 2129 ll,
582 2082 650 2136 r,7,
678 2067 805 2120 «incedis
851 2069 942 2122 Millia
963 2084 1080 2144 qrranta,
1100 2090 1149 2144 pro
1168 2087 1237 2144 quot
1256 2069 1360 2141 millia,

298 2154 347 2205 per
373 2138 445 2208 ignes
469 2139 627 2211 Subpositoa
651 2145 735 2198 cineri
756 2146 806 2198 do-
849 2141 1013 2203 utscxccrrta
1031 2161 1105 2204 tanta
1123 2149 1207 2203 Plaut.
1227 2153 1358 2206 Bacchid.

298 2214 365 2267 loeo.
378 2239 388 2262 ι
403 2221 547 2272 -Toxica
562 2241 576 2274 e
594 2222 743 2292 Thessalia,
757 2245 804 2280 cu·
849 2232 899 2296 tv,
912 2248 947 2300 9,
963 2235 1008 2283 iri
1021 2253 1028 2293 ;
1041 2231 1129 2283 millia
1138 2251 1250 2304 magna,
1260 2233 1359 2300 idest,

295 2297 339 2364 jus
356 2295 447 2354 herbar
464 2318 620 2374 venenaque
636 2308 736 2377 passim
752 2327 804 2360 me·
849 2307 949 2373 multe,
964 2309 1051 2361 Valer.
1064 2309 1150 2362 Flacc.
1161 2312 1199 2378 V,
1212 2312 1272 2381 27⁴.

299 2389 445 2428 morantur.
578 2437 582 2450 Ι
888 2403 927 2438 ιι.
948 2389 1011 2440 Noa
1027 2389 1074 2440 tibi
1083 2392 1145 2462 jam
1163 2407 1284 2457 somnos,
1302 2404 1358 2444 etc.

334 2470 358 2522 7.
385 2455 447 2506 Nou
472 2458 565 2511 similis
585 2460 634 2513 illa
657 2465 729 2538 vagis
748 2476 802 2532 est,
847 2467 1358 2542 Passeratius:Noctnrnamtibiquie·

299 2531 392 2602 quales
414 2553 504 2603 amas,
525 2536 559 2589 de
578 2538 658 2611 vulgo
678 2543 801 2597 feminis:
849 2555 901 2596 tem
914 2545 1028 2614 adimet,
1041 2546 1188 2618 oculosque
1200 2551 1273 2619 ipsos
1286 2549 1359 2621 vigi-

297 2613 369 2662 conf.
393 2611 459 2682 eleg.
485 2615 532 2681 13,
552 2636 609 2689 quae
628 2619 663 2671 ad
681 2621 802 2674 eumdem
848 2620 889 2674 liis
913 2636 939 2675 et
964 2624 1087 2697 lacrymis
1114 2625 1161 2677 tibi
1187 2642 1356 2698 corrumpet.

296 2688 401 2740 Gallum
416 2705 469 2758 est,
485 2712 536 2746 vss.
555 2714 666 2750 11—12.
686 2731 722 2740 -
739 2701 802 2754 cot·
848 2703 1030 2756 Burmannus:
1041 2705 1236 2779 Stabitsernper
1247 2707 1297 2762 tibi
1307 2727 1358 2763 an-

298 2767 353 2820 lata
359 2807 369 2834 ,
384 2771 406 2822 ei
419 2771 517 2826 collata
528 2793 590 2828 eum
599 2779 656 2831 istis
668 2781 757 2834 fuerit.
768 2811 804 2822 -
848 2795 874 2834 te
884 2783 993 2850 oculos,
1003 2804 1052 2838 nec
1061 2799 1087 2838 te
1100 2786 1241 2858 relinquet,
1249 2789 1358 2842 siveso·

297 2847 359 2899 Nou
371 2849 439 2902 sciet.
449 2853 490 2903 lte
502 2853 627 2925 Scaligeri
637 2876 692 2910 non
703 2879 802 2931 magna
847 2881 940 2914 mnum
949 2877 1051 2935 captes,
1063 2884 1110 2918 seu
1119 2867 1222 2938 vigiles:
1231 2869 1357 2938 perscel-

266 2954 285 2971 ι
296 2926 358 2978 lidei
369 2929 479 2983 Codex:
498 2939 585 2988 ceteri
599 2956 653 2990 aon
664 2939 743 3006 solet,
759 2961 802 2994 re·
848 2941 887 2994 los
905 2943 1056 3013 vigilantem
1071 2945 1105 2997 de
1126 2945 1169 2998 die
1188 2945 1304 3012 indicet,
1322 2963 1356 3002 ut

296 3023 434 3077 pugnante
449 3029 538 3066 sensu.
547 3014 736 3072 Lechmenuus
747 3039 804 3074 cer·
847 3039 896 3091 per
908 3041 1011 3076 somnos
1024 3022 1208 3078 dormientem.
1220 3027 1355 3094 -Fems,

298 3089 375 3157 rigit,
398 3091 540 3146 aMolliter
562 3095 641 3150 irasci
659 3118 714 3154 non
734 3101 803 3156 solet
851 3103 983 3176 superbos
1000 3106 1096 3159 animis
1105 3145 1115 3174 ,
1135 3121 1163 3159 et
1179 3106 1353 3162 reluctantes.

297 3166 359 3218 illa:
375 3169 470 3221 time.»
490 3174 632 3248 Egregium
651 3197 714 3232 sene
730 3179 801 3247 hoc,
886 3185 925 3237 13.
944 3185 1109 3250 Contemtus,
1128 3188 1248 3259 repulsus
1261 3189 1294 3241 eb
1309 3209 1353 3242 ea.

297 3263 347 3295 nec
363 3249 449 3301 minus
463 3269 543 3319 qnam
554 3269 663 3326 recepta
677 3256 802 3329 Scaligeri
845 3264 992 3330 -Fortia,
1005 3264 1184 3333 confidentia,
1198 3267 1250 3319 alta
1264 3269 1353 3322 verba.

296 3323 375 3381 lectio
387 3327 539 3399 probabile.
845 3341 984 3412 Tibullus,
998 3345 1036 3408 ll,
1053 3345 1084 3413 6,
1105 3363 1132 3398 ιι
1145 3367 1152 3398 s
1169 3349 1290 3418 «Magna
1308 3347 1353 3401 lo-

330 3421 355 3474 9.
373 3409 450 3478 Quod
459 3410 481 3462 si
485 3410 635 3479 forte‚etc.
650 3414 799 3488 Broultbus.
846 3441 931 3494 quer:
948 3423 995 3476 sed
1011 3424 1149 3495 magnilica
1168 3425 1233 3478 milti
1253 3443 1353 3498 magea

295 3487 392 3555 partim
407 3507 438 3540 ex
451 3490 649 3562 emendatione,
661 3497 802 3567 partimex
846 3500 958 3572 loquuto
984 3505 1128 3557 Excutiunt
1151 3505 1248 3560 eleuare
1268 3508 1353 3562 fortia

295 3565 353 3618 aliis
368 3566 512 3622 Codicibue
528 3575 622 3642 paucis
641 3576 800 3646 scribendo,
845 3581 926 3636 verbe
938 3584 1043 3638 force.-

297 3645 400 3712 aQuod
413 3649 435 3700 si
447 3647 517 3704 forte
530 3654 598 3708 ausis
612 3674 667 3708 non
682 3670 721 3710 est
731 3676 800 3710 con·
886 3661 925 3716 15.
947 3662 1085 3716 Tremulus
1103 3662 1208 3729 horror,
1229 3669 1352 3738 corporis

294 3726 375 3778 traria
388 3731 493 3797 nostris,
506 3734 541 3785 At
552 3733 617 3801 ribi,
628 3749 678 3790 etc.
692 3760 703 3786 ι
715 3735 800 3808 (soili-
845 3749 944 3792 tremor
953 3752 979 3794 et
988 3740 1125 3808 fremitus,
1138 3761 1188 3794 nec
1198 3743 1255 3794 sine
1268 3743 1353 3819 laery-

295 3819 353 3871 cet,
373 3820 404 3861 ut
422 3827 451 3860 ea
472 3832 551 3884 quam
569 3817 683 3888 Scaliger
701 3817 800 3888 dabat,
844 3817 1351 3897 mie-Mastifhtus,uttristeslacry·
1380 3857 1385 3872 ε

296 3883 375 3954 liujus
406 3892 528 3945 carminis
559 3895 798 3967 interpretatione,
844 3897 1352 3976 aaTibatt.1,1‚62;maaiqaesaa

294 3963 371 4018 Gallo
397 3969 539 4026 conciliare
568 3975 634 4029 velle
659 3977 798 4048 Cyntbiam
843 3977 1043 4054 Virgd.Gcorg.
1064 3984 1109 4048 IV,
1131 3981 1350 4056 515.·-Iafor-
1447 3981 1450 3986 ’

225 4119 227 4123 ‚
296 4043 447 4113 Propertius
463 4047 521 4118 ipse
540 4051 720 4127 intelligatur)
737 4075 798 4110 sen.-
843 4079 912 4112 mem
941 4075 1050 4128 nomm,
1076 4063 1227 4136 pallorem,
1253 4068 1349 4134 ducet,

294 4123 401 4174 lentiam
412 4133 659 4200 prorsuspervertit.
672 4133 797 4190 Eamdem
842 4139 960 4193 inducet.
