2810 4978
319 413 386 485 256
618 410 881 476 PROPERTII
906 411 995 475 LIB.
1021 411 1068 475 ll.

363 548 476 632 Quare
488 564 533 609 ne
544 539 603 608 tibi
616 541 659 606 sit
669 540 794 606 mirum
805 559 861 606 me
872 559 1025 633 quaerere
1037 534 1138 604 viles:

410 655 546 723 Parcius
558 650 741 718 infamant:
757 673 842 716 num
853 647 914 716 tibi
926 672 1029 716 causa
1041 645 1151 715 levis?
1330 678 1354 714 ro

365 771 408 834 Et
417 763 520 832 modo
531 762 671 856 pavonis
683 757 799 828 caudae
811 755 944 826 flabella
957 756 1128 850 superbae,

412 879 455 942 Et
464 870 622 941 manibus
635 868 722 938 dura
732 869 839 962 frigus
852 868 976 936 hahere
987 865 1073 960 pila,

366 989 409 1053 Et
422 986 514 1078 cupit
524 985 648 1050 iratum
659 978 745 1048 talos
757 1003 813 1046 me
824 1001 965 1072 poscere
976 977 1141 1058 eburnos,

411 1100 563 1187 Quaeque
575 1093 684 1159 nitent
696 1093 796 1159 Sacra
807 1088 886 1156 vilia
898 1086 989 1156 dona
1002 1088 1067 1154 via.

366 1205 584 1299 Ahperenm,
597 1205 625 1272 si
639 1203 770 1269 meista
781 1217 919 1268 movent
930 1196 1122 1291 dispendia!
1140 1197 1203 1266 sed
1214 1223 1267 1267 me
1332 1209 1357 1263 ιε

359 1417 399 1452 ιο.
419 1401 492 1453 Num
508 1397 556 1450 tihi
570 1413 646 1450 eausa
663 1395 746 1449 kaie?
757 1393 824 1448 hoe·
869 1393 1226 1461 rernoveat,Lachmaanum
1234 1393 1306 1465 sequi
1313 1388 1359 1444 nal-

321 1482 381 1534 eine
405 1497 501 1550 purum
525 1489 578 1543 est,
600 1474 675 1549 quod
696 1475 826 1528 infament
869 1475 912 1528 lua
922 1475 1016 1528 dubito
1028 1477 1222 1546 corrigentem:
1238 1475 1288 1526 :Et
1297 1472 1359 1542 cupit

321 1559 429 1614 minua?
871 1555 1002 1630 ingranam
1021 1553 1089 1628 talus
1106 1573 1148 1606 me
1165 1571 1276 1626 poscere
1291 1551 1360 1604 ehur·

361 1655 401 1691 rt.
416 1634 548 1688 Etmodo.
563 1631 654 1688 Scribe
666 1651 727 1684 cum
739 1630 826 1684 heuh-
870 1651 931 1686 noa.
946 1654 958 1680 a
977 1633 1100 1705 Iuprotue
1115 1633 1251 1704 prebebat
1268 1636 1362 1683 munera

322 1733 420 1770 manno
443 1715 508 1767 lloee
530 1713 607 1767 modo
628 1713 752 1786 panonia,
774 1724 825 1764 ete.
871 1714 1038 1784 Propertius,
1054 1713 1115 1778 oui,
1132 1711 1263 1784 quidquid
1277 1711 1362 1763 iaceret

322 1793 400 1859 Hoec,
412 1791 542 1864 Cynthia3
555 1789 691 1864 quodnisi
703 1787 825 1856 additur,
872 1790 999 1859 daretne,
1020 1793 1104 1862 qratia
1127 1805 1216 1846 tamen
1237 1793 1362 1846 referretur

322 1871 462 1924 manifeste
480 1870 612 1922 santenIIa
631 1867 742 1920 laborut.
767 1867 828 1918 Pari
871 1871 954 1924 nulla.
971 1871 1014 1924 sie
1032 1873 1138 1943 passivo
1157 1889 1238 1926 sensu
1260 1869 1362 1924 Catullus

322 1947 403 2000 modo
413 1959 569 2018 corruptum
584 1963 687 1999 versum
698 1943 827 2008 vidimus,
871 1947 1032 2002 vocabulum
1042 1949 1247 2021 usurpatcarm.
1258 1949 1362 2000 Lxxtu:

322 2025 677 2098 eleg.23‚21.-Supertoe.
689 2021 829 2074 Broulshu·
875 2026 996 2078 aDesine
1019 2025 1052 2078 de
1077 2045 1213 2098 quoquam
1235 2025 1363 2098 quidquam

323 2109 377 2160 slus
385 2105 497 2179 pavonis
507 2103 597 2156 caude
607 2102 711 2173 superbi
726 2099 828 2169 voluit,
873 2105 942 2160 bene
956 2105 1022 2159 velle
1035 2109 1155 2160 mereri..
1165 2145 1172 2158 .
1182 2148 1189 2160 ,
1209 2108 1303 2160 Omnia
1314 2115 1365 2158 sunt

323 2185 451 2238 translato
464 2182 499 2236 ud
510 2185 595 2254 ipsam
607 2199 682 2234 avem
693 2178 828 2252 epitheto,
874 2185 992 2259 inpressa,
1003 2185 1070 2238 nIhII
1078 2187 1174 2240 fenim
1182 2185 1363 2259 benignum·

324 2264 398 2338 quod
410 2264 556 2316 certissime
566 2263 732 2332 Propertius,
745 2273 775 2312 ut
785 2260 829 2310 in·
873 2265 1012 2336 Virgilius,
1021 2265 1081 2318 AEn.
1091 2265 1139 2317 v11
1144 2302 1153 2331 ,
1165 2265 1216 2333 425
1231 2287 1237 2317 ι
1253 2269 1282 2318 ιι
1293 2280 1365 2322 nuno,

324 2341 432 2396 dicabat
443 2361 499 2408 reu,
511 2340 545 2393 de
555 2340 653 2412 plumis
662 2342 719 2411 ejus
728 2340 828 2410 posuit.
875 2343 983 2416 inpratis
994 2343 1063 2396 offer
1076 2357 1117 2411 te,
1129 2345 1217 2411 iuriae,
1236 2342 1363 2417 pericliw

324 2425 405 2476 Recte
416 2424 463 2475 viri
476 2421 549 2473 docti
563 2418 694 2472 Codicum
710 2421 830 2472 omnium
873 2420 990 2494 (quibua
1008 2441 1090 2494 quum
1109 2435 1135 2475 te
1154 2422 1299 2494 objeceris,
1316 2437 1367 2492 gn·

324 2501 465 2556 lectionem
479 2512 602 2564 tuantur,
616 2499 726 2569 pavonis
739 2498 830 2550 caude
875 2501 938 2552 tiam
953 2499 989 2552 ob
1002 2499 1030 2553 id
1042 2501 1111 2554 feres
1123 2500 1254 2572 nullam.)
1267 2501 1366 2562 Stetiua,

323 2581 443 2654 suaperboe.
475 2577 654 2632 Flabellorum
688 2575 716 2629 id
744 2595 829 2648 genus
874 2578 1003 2632 Thebaid.
1022 2582 1052 2646 l,
1072 2579 1125 2649 699
1146 2602 1154 2632 z
1176 2605 1188 2629 ι
1202 2582 1254 2636 Seu
1273 2582 1366 2650 Trojear

324 2659 487 2712 Claudianus
496 2659 629 2722 meminit,
642 2659 669 2708 in
679 2659 789 2728 Eutrop.
801 2659 829 2724 1,
874 2656 1026 2730 'lymbrreus
1047 2656 1149 2725 habea,
1173 2659 1221 2712 uhi
1243 2661 1311 2712 fama
1329 2675 1366 2707 vo·

329 2738 392 2790 108=
407 2739 462 2790 «Et
481 2755 564 2808 quum
577 2753 606 2788 se
621 2734 715 2806 rapido
731 2737 830 2788 fessam
874 2735 972 2790 lentem
988 2739 1104 2810 Inprutis
1121 2737 1250 2812 Phrygios
1268 2737 1367 2792 borneis

325 2819 474 2888 projecerat
495 2828 579 2880 estu,
600 2815 728 2866 Patricius
747 2816 830 2867 roseis
875 2813 987 2868 subiisse
1001 2815 1158 2878 molarem
1182 2817 1248 2888 (ubi
1268 2817 1367 2890 pretium

325 2914 460 2969 pavonum
480 2893 591 2947 ventilat
608 2893 689 2948 elie..
712 2893 830 2948 Ancillas
875 2905 1001 2948 statutum
1015 2912 1032 2946 e
1043 2894 1228 2949 Laomedonte
1243 2915 1295 2949 nou
1308 2893 1368 2950 aolu-

325 2978 455 3030 eaatitisse
475 2973 663 3041 flabelliIeras,
685 2973 720 3027 ab
739 2975 829 3028 officio
875 2973 1235 3050 tumsignilicat.)-Cupit
1243 2992 1367 3050 nepum·

325 3074 424 3108 nomen
447 3053 598 3120 habenteu,
618 3053 726 3108 Plautus
751 3053 831 3106 docet
876 3052 1367 3126 rellererbohiceuperevideadeless.

325 3137 443 3188 Trinum.
463 3137 502 3200 ll,
525 3153 554 3202 t,
576 3153 617 3188 αα.
637 3165 673 3176 -
690 3136 726 3188 Et
743 3134 832 3209 frique
880 3130 1117 3197 15,41.-Vilio
1134 3133 1220 3201 dono,
1239 3135 1331 3188 leviora
1346 3129 1369 3184 itl

326 3215 392 3266 dura
415 3213 473 3286 pila
497 3213 589 3266 habere
612 3215 739 3266 manibus.
763 3213 832 3266 Pilas
878 3227 962 3281 genus
977 3210 1029 3262 alia
1046 3212 1093 3264 riae
1108 3211 1196 3266 Sacrae
1214 3211 1368 3266 munuscula.

325 3291 507 3366 (crystallinus
521 3291 697 3363 intelligamus
708 3293 783 3365 lieet)
793 3293 833 3346 le·
877 3291 907 3341 ln
917 3289 1010 3343 eadem
1021 3292 1064 3344 via
1075 3311 1156 3364 poma
1167 3313 1280 3367 quoque
1289 3309 1314 3348 et
1324 3293 1370 3344 irn-

327 3373 405 3425 tninia
423 3375 449 3425 in
467 3391 516 3425 usu
534 3373 615 3424 fuisse
628 3385 717 3444 patet,
734 3373 833 3444 quibus
877 3389 924 3442 gea
937 3370 1072 3424 venibant.
1088 3374 1215 3444 OvIdius,
1229 3377 1283 3428 Art.
1296 3377 1368 3426 Amat

326 3453 416 3504 aestivo
434 3463 553 3521 tempore
575 3469 670 3504 manus
692 3451 834 3523 refrigera·
877 3450 918 3516 ll,
935 3449 1000 3515 265,
1014 3452 1117 3502 rusticiu
1131 3450 1211 3505 donia
1228 3451 1336 3506 suadens
1347 3461 1370 3498 nt

327 3543 400 3598 rent,
426 3528 559 3602 quomodo
586 3544 696 3603 propter
722 3531 833 3583 odorem
878 3541 981 3580 amator
995 3528 1147 3583 blandiatur
1161 3530 1278 3584 domine
1295 3553 1301 3582 ι
1317 3530 1370 3596 Qut

327 3621 411 3661 terere
422 3609 491 3661 inter
506 3607 602 3679 digitos
612 3623 763 3661 amaverunt
774 3627 833 3662 sue·
877 3607 941 3660 talia
953 3609 1016 3660 ierri
1026 3607 1061 3660 ad
1071 3627 1128 3660 eum
1134 3611 1266 3680 jusseris,
1280 3609 1370 3682 iuquit,

328 3686 396 3737 cina.
421 3684 535 3736 Martial.
564 3687 647 3758 epigr.
669 3687 721 3752 XI,
742 3687 776 3754 8,
796 3687 831 3741 6:
882 3689 975 3740 sIlure
989 3687 1144 3740 suburbano
1162 3692 1266 3760 poteris
1278 3689 1324 3742 tihi
1337 3685 1371 3736 di·

331 3765 431 3816 «Lassa
446 3763 517 3836 quod
535 3767 636 3817 externi
652 3767 753 3836 spirant
766 3785 833 3838 opo·
879 3783 939 3818 cere
955 3767 1052 3832 mista,
1070 3764 1118 3818 llle
1131 3761 1176 3819 ¹vul
1194 3769 1225 3820 in
1237 3769 1313 3822 Sacra
1329 3764 1371 3816 siut

327 3842 444 3896 balsama
458 3842 566 3911 dranci,
576 3881 583 3896 .
592 3884 615 3897 ..
630 3847 741 3900 Succina
757 3848 834 3921 uirqr'·
879 3841 940 3897 linet
953 3856 1022 3897 emta
1034 3846 1085 3896 via.
1097 3869 1109 3893 a

329 3941 378 3974 nea
393 3923 467 3994 quod
481 3923 595 3998 regelata
610 3944 706 3992 manu,
719 3941 791 3980 etu-
918 3925 958 3978 15:
969 3925 1019 3977 seu
1030 3943 1078 3976 me.
1092 3923 1175 3992 Quod
1187 3925 1310 3978 exhibent
1322 3921 1370 3980 alii,

285 4069 287 4072 .
369 4001 408 4054 13.
423 4003 534 4054 Iratum.
551 4006 598 4055 Irte
619 4005 754 4057 notionem
775 4025 835 4058 om·
879 4007 969 4056 uerum
986 4023 1035 4075 pro
1053 4004 1097 4058 sed
1109 4023 1168 4071 me,
1186 4003 1311 4077 scaligeri
1324 4019 1370 4054 mt-

329 4097 389 4130 nem
409 4097 491 4152 quum
513 4093 603 4150 aperte
623 4099 716 4135 sensus
738 4081 834 4158 abhis
879 4101 935 4136 ram
948 4079 1370 4155 interpolationemjudicemusli·
