2810 4978
419 451 600 516 ELEGIA
624 451 671 516 11.
1008 457 1075 526 333

1 646 5 657 .
85 591 194 680 Meque
204 584 296 650 inter
311 601 404 648 seros
416 575 566 648 laudabit
576 583 683 648 Roma
694 597 853 674 nepotes:
1042 599 1076 654 35

120 697 214 765 illum
228 709 306 788 post
318 694 447 782 cineres
459 715 608 784 augiuor
619 693 692 785 ipse
704 693 805 762 diem.

80 814 122 876 Ne
132 831 203 875 mea
218 817 390 872 contemto
404 801 491 894 lapis
503 801 628 870 indicet
639 825 715 870 ossa
728 804 901 896 sepulcro,

118 919 292 985 Provisum
303 929 372 994 est,
385 915 488 1006 Lycio
499 929 577 979 vota
588 913 752 1005 probante
764 912 839 982 deo.

79 1029 234 1098 &ursinis
246 1028 373 1093 interea
386 1026 493 1092 nostri
508 1023 687 1092 redeamus
699 1029 735 1092 iu
747 1025 885 1110 orhem;

119 1136 268 1208 Gaudeat
278 1138 313 1203 iu
326 1131 424 1203 solito
437 1149 525 1202 meta
536 1133 651 1228 puella
662 1157 757 1203 sono.

342 1359 346 1368 ,
406 1317 615 1398 ELEGIA
641 1321 693 1396 ΙΙ.

81 1479 204 1573 Orphea
216 1476 377 1546 delinisse
391 1476 496 1559 feras,
510 1491 544 1543 et
554 1478 686 1544 concita
698 1475 815 1544 dicunt

1 1586 2 1591 ’
120 1588 276 1656 Flumina*
282 1586 436 1655 Threicia
449 1587 649 1654 sustinuisse
660 1584 735 1678 lyra
748 1593 771 1670 3'

81 1705 154 1770 Saxa
164 1700 364 1768 Cithaeronis
375 1697 510 1768 Thebas
522 1701 646 1789 agitata
658 1721 720 1791 per
733 1712 841 1765 artem

46 1847 103 1918 apud
115 1849 213 1921 inferos.
228 1848 325 1920 Scripsi
337 1847 423 1900 ceteri
435 1863 527 1897 omnes
572 1863 631 1896 mus
646 1845 675 1896 in
690 1845 793 1908 orbem,
807 1841 950 1895 duodecim
966 1842 1079 1896 disticha

45 1927 118 1994 nsit,
129 1945 221 1997 nempe
226 1927 289 1998 jam
301 1925 408 1976 dudum.
573 1921 720 1989 illustrant,
733 1943 791 1994 ques
806 1921 980 1994 sequuntur,
988 1936 1080 1976 nostra

73 2003 238 2079 &Auguror
251 2005 305 2075 ipse
315 2003 393 2054 diem.
407 2001 466 2072 Ipse
478 1998 528 2050 ha·
574 2002 645 2066 huc,
670 2003 772 2074 Orphea
795 2001 913 2056 delinisse
923 2003 1011 2074 feras,
1028 2015 1079 2055 ete.
1187 2031 1191 2038 ·

46 2079 99 2134 beat
112 2083 168 2136 libri
185 2083 327 2145 meliores;
349 2097 463 2156 auquror
478 2097 529 2132 esse
573 2079 1081 2154 Monueruutjamviridocti(Moretus‚

47 2159 133 2214 dienin
143 2161 215 2226 aliis,
228 2161 301 2234 quod
310 2179 360 2232 pro
367 2161 429 2234 fore
438 2161 531 2212 Passe-
574 2159 703 2231 Scaliger,
727 2163 909 2226 Burmannus,
929 2159 1081 2212 Lachman-

47 2242 112 2293 ratius
120 2241 184 2294 male
194 2239 323 2292 defendit.
483 2265 486 2270 ·
574 2240 644 2310 nus).
654 2269 687 2277 -
698 2240 802 2310 Orphea
814 2239 933 2292 delinisse
937 2239 1020 2311 feres,
1028 2251 1080 2292 eto.

1 2351 2 2354 =
74 2319 109 2387 ³72
124 2321 166 2374 Ne
183 2337 244 2372 nsee
261 2327 407 2384 contemto,
424 2329 476 2368 eto.
495 2333 529 2367 ne
575 2316 737 2372 Bruuiusius
747 2321 967 2392 Burmannusque
974 2318 1007 2371 de
1017 2337 1081 2371 con-

47 2394 182 2450 ailitautum
195 2411 222 2451 et
232 2395 429 2448 contemnendo
439 2393 530 2466 sepul·
572 2398 677 2467 jectura
691 2399 807 2449 Heinsii=
822 2397 939 2470 Orpheu,
950 2409 974 2450 te
983 2399 1082 2451 dimisse

49 2491 84 2526 ero
93 2491 146 2548 post
155 2489 268 2530 mortam
279 2477 457 2540 innotescam,
470 2491 531 2544 pro·
570 2473 660 2545 feren
671 2477 699 2527 in
712 2477 814 2527 minore
828 2487 916 2526 autem
926 2493 1003 2526 versu
1011 2473 1081 2526 'Flu-

49 2553 115 2606 dm
125 2554 304 2624 esa-byeio
318 2553 365 2605 deo
372 2590 382 2619 ,
392 2549 530 2624 Apolline,
576 2555 650 2605 mina
662 2553 806 2607 detinuisse.
816 2554 862 2606 Vir
873 2553 969 2606 doctus
978 2566 1039 2625 post
1048 2551 1083 2606 il·

50 2629 139 2686 uiue
148 2634 234 2707 Lycio
246 2635 354 2700 Patara,
367 2633 395 2683 in
407 2649 460 2705 qua
469 2646 532 2686 tem·
577 2630 617 2686 los
628 2631 781 2706 (Kuinoel):
794 2633 917 2706 Oqsheu,
932 2643 957 2686 te
973 2631 1082 2695 lenisse‚·

49 2709 106 2779 plum
116 2726 138 2764 et
150 2711 300 2765 oracutum.
578 2723 619 2778 et,
636 2713 709 2784 quod
720 2733 812 2765 aarum
827 2727 882 2780 est,
895 2713 1020 2766 Fiuntna
1031 2733 1083 2768 sus·

76 2789 110 2860 39.
122 2791 250 2844 &minis
260 2791 358 2842 interea
372 2789 468 2850 nostri,
479 2802 531 2842 ete.
578 2793 690 2846 tinuisse.
704 2791 756 2844 Sed
770 2792 877 2865 Orpheu
891 2803 916 2844 te
929 2793 1010 2864 pouoi
1022 2791 1084 2844 libri

50 2867 190 2936 Redeamus,
217 2871 320 2940 iuquit,
345 2867 381 2920 ad
404 2868 533 2920 amatoria
579 2883 744 2941 agnoscunt,
766 2889 876 2942 quorum
900 2869 965 2924 fides
990 2871 1082 2924 nulla:

50 2961 175 3002 nosem-
188 2949 310 3002 Gaudeat
324 2948 353 3000 in
369 2947 462 3011 solito,
480 2960 531 2999 ete.
579 2951 665 3000 caeteri
682 2947 804 3001 meliores
820 2947 926 3019 Orphea
948 2949 1085 3003 detinuisse

50 3024 80 3077 lta
89 3029 245 3081 &maome
257 3030 286 3079 in
298 3026 392 3093 solito,
405 3025 532 3097 bipartito
573 3026 683 3097 ferasin
695 3025 777 3077 altero
787 3044 879 3086 versu,
893 3028 920 3077 in
930 3026 1014 3080 altero
1024 3026 1086 3093 Flu·

50 3105 176 3172 toeahulo,
193 3106 363 3179 quodunum
374 3099 466 3177 sos-ipsi
480 3106 533 3158 co-
578 3105 652 3156 ntine
667 3105 821 3158 nunonisse,
837 3105 1001 3158 Scribarum
1018 3108 1085 3180 dyr-

50 3179 106 3236 dieea
121 3185 219 3238 iaciunt
241 3183 398 3256 (insolito);
420 3185 535 3236 rectissi-
579 3203 695 3236 manno:
716 3185 843 3255 «Orphea
859 3183 979 3238 delinisse
998 3187 1082 3254 feras,

51 3264 233 3331 oestheim,
245 3265 284 3316 18.
293 3262 534 3314 EdisilihrisnGau·
579 3277 606 3318 et
623 3265 730 3315 condus
745 3262 837 3315 dicunt
854 3263 976 3316 Flumina
989 3263 1085 3317 Threi-

51 3336 101 3392 deat
111 3356 136 3396 ut
151 3343 230 3396 solito
249 3355 319 3395 taeta
333 3339 423 3413 puelle
437 3359 532 3392 senon
579 3345 619 3394 eia
628 3342 773 3395 sustinuisse
785 3341 848 3413 lyra.
860 3363 871 3388 s
883 3343 1030 3395 Firmstum
1039 3344 1085 3395 de-

77 3421 145 3474 sin.
153 3425 184 3478 11.
197 3439 219 3474 ι.
232 3420 350 3494 Orphea,
359 3433 410 3472 etc.
420 3417 534 3490 Vulpio,
580 3421 667 3476 liniue
681 3441 713 3474 ex
725 3423 852 3486 Horatio,
867 3423 912 3491 qui
925 3421 997 3491 (Art.
1010 3425 1084 3473 Poet.

51 3509 74 3549 at
87 3519 174 3554 noram
192 3503 226 3554 ah
246 3501 287 3554 his
304 3500 415 3571 elegiam
434 3499 535 3551 ordire-
579 3501 651 3572 393)
665 3501 699 3554 de
714 3500 809 3554 eodem
823 3500 932 3572 Orpheo
945 3523 952 3552 s
971 3503 1085 3553 «Dictus

52 3579 533 3650 uncodnumannonsaspenouit,
580 3580 615 3632 ob
635 3580 687 3632 hoo
709 3579 789 3632 lenire
807 3580 904 3650 tigres,
924 3577 1085 3650 rabidosque

52 3654 170 3730 inquibus
187 3662 277 3732 inepte
292 3673 352 3728 post
366 3659 533 3729 superiorem
578 3660 679 3712 leones.
695 3681 707 3705 s
726 3689 762 3700 --
780 3657 905 3710 numina
925 3659 1085 3726 nuttnutne,

51 3737 188 3790 mucelam
202 3739 237 3792 38
251 3737 407 3806 (Provisum
415 3741 469 3802 esl,
483 3735 535 3806 ly·
579 3741 695 3792 tenuisse
714 3753 851 3808 suspensa.
869 3734 996 3800 Ovidius,
1014 3736 1085 3787 Fast.

51 3812 96 3875 tio,
110 3817 173 3886 eto.)
185 3817 378 3888 separationem
388 3813 488 3866 librarii
497 3815 535 3866 fa·
580 3820 618 3884 V,
633 3817 682 3869 661
695 3835 703 3872 s,
718 3827 769 3866 «ut
789 3817 849 3866 vivo
868 3813 949 3866 subiit
968 3815 1085 3868 rorantia

51 3893 121 3947 daut.
131 3895 179 3949 Sed
189 3917 222 3950 ne
234 3896 343 3960 dubita,
359 3897 425 3966 quin
437 3895 534 3948 divisas
580 3915 642 3950 seso
654 3897 753 3961 Antra,
768 3892 837 3944 leves
847 3908 952 3944 cursum
963 3892 1084 3946 sustinui·
1132 3941 1141 3955 ,

51 3987 126 4042 partes
139 3977 285 4048 Propertius
300 3979 455 4046 conjunctas
471 3969 537 4027 soil
579 3974 623 4050 stis
633 3991 736 4046 eque.-

51 4054 136 4119 pserit:
152 4073 189 4106 res
203 4069 314 4126 aperta:
331 4052 484 4126 priusillud
495 4053 535 4107 di·
616 4054 642 4106 3.
664 4052 772 4125 Apitate
798 4051 898 4108 Ttetas
915 4067 964 4123 per
984 4063 1085 4114 arten,-

52 4142 121 4200 nan,
129 4136 250 4190 Canninis
260 4137 357 4188 interea
365 4135 444 4188 nostri
453 4135 536 4186 redea-
582 4145 664 4184 tracta
677 4150 723 4202 per
734 4129 890 4204 Amphionis
904 4143 987 4184 artem
998 4128 1049 4201 (cf.
1059 4131 1084 4192 1,
