2808 4974
360 670 611 768 ELEGIA
640 671 756 766 XII.

340 853 343 858 ’
421 892 483 956 nu
507 889 687 956 suoru.

441 1292 666 1329 tudunum.

100 1373 235 1457 Cupitfinis
247 1377 353 1440 fictam
366 1379 538 1461 imaginem
549 1381 700 1464 explicat:
716 1401 813 1463 quare
826 1401 905 1464 puer
920 1382 1086 1465 pingatur,

73 1469 274 1556 cluacceperit,
291 1475 469 1560 pharetram
483 1491 588 1558 gerat,
605 1478 723 1558 sagittis
740 1491 866 1540 armatae
886 1481 947 1540 sint
961 1500 1084 1541 manus.

72 1565 103 1627 lle
114 1569 169 1632 telis
178 1573 295 1654 quidem
304 1574 551 1656 (experientia-se
568 1575 712 1638 edoctum
728 1577 929 1659 loqui)rects
939 1597 1001 1640 esse
1015 1577 1086 1638 bm-

72 1666 107 1725 uia
118 1691 123 1727 :
136 1671 180 1730 sed
191 1675 321 1734 arrtisisse
336 1672 435 1734 videri
452 1695 584 1756 parvum
603 1674 697 1736 deum
715 1697 849 1760 pennas,
864 1697 955 1758 quern
970 1676 1087 1752 frustra

72 1779 163 1843 pectue
175 1790 226 1830 suo
243 1785 373 1831 conetur
391 1770 563 1831 evolantem
578 1771 701 1854 pellere.
715 1773 797 1850 Quid
816 1773 884 1832 tibi·
891 1773 1086 1853 jucundum,

71 1879 165 1943 opiter,
175 1870 325 1928 extenuati
344 1870 477 1928 amantis
491 1867 634 1948 habitare
647 1869 787 1932 ossibus?
805 1869 890 1931 Alios
901 1869 1009 1952 trajice
1017 1871 1085 1932 telis

71 1961 124 2039 tuis;
135 1967 272 2050 paxumihi
285 1967 376 2030 detur
389 1983 419 2029 et
432 1969 513 2044 vita3
529 1969 587 2029 tibi
600 1984 691 2053 poeta
703 1984 774 2032 tuus
788 1983 922 2032 maneat.

501 2179 610 2197 a*

102 2249 298 2390 Quicunque
309 2303 366 2374 ille
378 2305 456 2392 suit,
471 2329 617 2399 puerum
630 2309 689 2401 qui
700 2307 810 2400 pinxit
820 2311 996 2388 Amorem,

134 2420 352 2510 Nonne-putes
364 2421 467 2486 miras
482 2418 577 2487 huno
586 2417 745 2487 habuisse
756 2425 903 2488 manus?

99 2527 147 2594 llic
155 2531 298 2621 primum
309 2527 393 2596 vidit
407 2532 479 2598 sine
491 2555 596 2599 sensu
606 2535 718 2600 vivere
730 2546 898 2615 amantes,

133 2641 168 2706 Et
177 2639 311 2708 levibus
319 2642 410 2708 curis
422 2665 544 2734 magna
555 2645 666 2736 perire
677 2641 779 2711 bona.

101 2743 173 2814 ldem
182 2773 251 2817 non
262 2749 389 2817 frustra
400 2766 556 2820 ventosas
567 2752 697 2821 addidit
708 2751 778 2820 alas
789 2805 797 2836 ,

131 2861 210 2944 Fecit
221 2875 256 2930 et
266 2858 419 2930 humano
432 2859 534 2930 corde
546 2861 659 2930 volare
671 2859 793 2932 deum:

98 2969 202 3040 Scilicet
211 2971 346 3041 alterna
358 2977 520 3068 quoniam
528 2972 702 3069 jactamur
712 2978 748 3042 in
761 2971 873 3054 unda,

131 3085 311 3178 Nostraque
323 3107 392 3151 non
405 3083 482 3154 ullis
495 3101 673 3181 permanet
684 3109 767 3152 auru
778 3083 873 3152 locis.

99 3193 248 3262 ltmerito
258 3193 403 3263 hamatis
415 3221 538 3265 manus
550 3213 601 3265 est
611 3212 741 3264 armata
752 3196 897 3288 sagittis,

132 3305 166 3369 Et
176 3302 337 3397 pharetra
348 3327 389 3371 ex
400 3302 545 3375 humero
558 3309 684 3374 Gnosia
696 3301 957 3400 utroquejacet:
1053 3331 1085 3367 ro

93 3467 309 3532 estiomenus,
330 3473 395 3523 mire
411 3471 533 3524 artifices.
578 3471 653 3540 buit,
667 3491 784 3543 quocum
803 3470 905 3523 volaret
918 3467 1000 3530 deun
1018 3465 1086 3518 divi-

93 3545 345 3618 l-Etleuibutscurt's,
360 3565 534 3624 propter-nu·
579 3571 640 3604 nam
672 3551 871 3622 humanamque
900 3561 1027 3600 naturam
1058 3546 1087 3600 iu.

70 3627 273 3690 &immundis
287 3651 346 3704 quae
363 3651 440 3705 nugae
455 3645 534 3700 sunt,
578 3651 663 3704 puero
688 3633 803 3685 miscuit.
826 3629 893 3682 Vide
919 3625 1084 3681 Huschldum
1197 3690 1200 3698 ι

71 3717 135 3774 mgna
144 3727 206 3782 sepe
218 3711 357 3764 homiuum
367 3713 476 3766 interire
485 3713 535 3764 bo-
578 3711 656 3765 Auul.
666 3713 730 3764 Crit.
745 3729 806 3783 pag.
818 3708 853 3777 do
865 3727 924 3781 sqq.

71 3787 210 3842 ulnames
221 3791 304 3862 igitur
317 3809 398 3864 quum
413 3805 440 3845 et
454 3811 537 3845 sensu
616 3807 641 3861 7.
658 3788 769 3842 Altos-na
791 3788 818 3839 iu
840 3787 929 3848 unda3
948 3784 1003 3836 lruo
1023 3782 1086 3836 illue

72 3875 160 3934 tutent,
186 3882 212 3922 et
239 3871 317 3922 meris
346 3871 453 3942 ineptiis
480 3883 536 3923 tam
580 3867 757 3941 perandum,
776 3866 902 3920 deorsum
918 3883 1032 3918 sursum.
1052 3893 1088 3904 -

71 3942 121 3992 mit
133 3959 239 4014 vacent,
259 3947 310 4000 sub
328 3950 443 4021 imagine
460 3951 538 4022 pueri
581 3949 663 4000 Aura.
676 3946 743 3999 Vide
756 3944 790 3998 ad
803 3945 870 4016 eleg.
887 3945 919 4012 5,
931 3944 957 4012 4.

72 4012 122 4072 lacte
129 4039 321 4096 repraesentatus
335 4029 419 4081 Amor
431 4041 478 4080 est.
622 4043 662 4078 ro.
677 4025 789 4090 Gnosia,
803 4025 924 4077 Cretica:
937 4022 997 4076 vids
1012 4021 1047 4075 ad
1059 4025 1087 4090 1,

93 4099 176 4157 istest
191 4115 217 4156 et
228 4103 345 4158 humano
361 4105 436 4159 corde
450 4105 539 4158 volare
584 4105 618 4172 3,
637 4121 660 4156 a.
674 4103 861 4157 Excellueruut
872 4105 899 4156 in
912 4105 1012 4175 sagittis
1027 4103 1089 4153 mit-

72 4171 131 4246 lum,
145 4181 171 4236 id
186 4197 243 4253 est,
262 4203 311 4237 cor
325 4181 473 4239 humanum
488 4187 536 4238 tri·
561 4195 566 4210 ¹
582 4183 668 4238 tendis
692 4183 841 4238 Cretenses.
862 4213 899 4225 -
915 4183 959 4236 Ex
980 4193 1089 4254 utroque
