2810 4978
311 398 378 488 296
551 398 564 406 ’
605 391 867 458 PROPERTll
894 391 982 456 LIB.
1008 393 1055 458 11.

401 519 524 589 Rorida
535 520 699 587 muscosis
711 533 808 585 antra
818 533 932 586 teuere
941 513 1041 610 jugis.

355 631 430 702 Illic
440 629 604 722 adspicies
617 626 763 721 scopulis
775 627 903 694 haerere
914 630 1068 710 Sorores,

401 747 444 810 Et
454 765 575 809 canere
586 742 715 834 antiqui
727 738 838 806 dulciu
849 739 938 806 firrta
949 743 968 806 J
971 741 1041 807 ovis
1053 761 1061 805 z

355 857 401 922 Ut
412 850 540 921 Semela
552 871 602 918 est
613 849 809 918 combustus
817 893 827 933 ,-
839 867 877 917 ut
888 867 939 916 est
951 847 1144 941 deperditus
1159 853 1212 933 io,

401 965 553 1056 Denique
568 978 606 1028 ut
617 962 659 1028 sd
670 958 785 1052 -Trojae
798 977 884 1028 tecta
895 961 1016 1028 volarit
1025 961 1108 1028 svis.
1305 969 1335 1024 3ο

354 1073 453 1158 Quod
464 1076 492 1140 si
507 1097 607 1174 nemo
620 1089 741 1156 exstet,
752 1073 814 1167 'qui
826 1075 942 1140 vicerit
952 1072 1044 1152 alitis
1053 1094 1165 1154 arma,

401 1185 597 1251 Communis
610 1181 717 1274 culpae
730 1206 791 1249 cur
802 1207 880 1250 reus
892 1207 982 1249 unus
995 1186 1098 1274 agor?

353 1299 423 1362 Nec
434 1310 472 1360 tu
483 1295 666 1385 virginibus
678 1297 863 1362 reverentia
877 1296 1021 1360 moveris
1033 1316 1110 1375 ora;

400 1405 464 1470 Hic
476 1428 612 1498 quoque
625 1427 694 1472 uon
705 1407 825 1486 nescit,
838 1403 921 1497 quid
933 1405 976 1470 sit
985 1425 1098 1470 emere
1107 1401 1266 1485 ,chorus3

353 1515 386 1582 Si
397 1530 511 1582 tamen
524 1517 647 1606 OEagri
660 1513 816 1609 quaedem
827 1537 1023 1606 compressa
1034 1513 1142 1607 figura
1308 1525 1338 1577 35

400 1628 554 1692 Bistoniis
565 1623 646 1692 olim
658 1623 800 1716 rupibus
812 1622 983 1692 adcubuit.

352 1736 416 1802 Hic
430 1733 489 1802 ubi
500 1750 532 1802 te
547 1738 655 1828 prims
667 1749 816 1804 statuent
826 1736 862 1802 iu
875 1731 1131 1827 partechoreoe,

305 1937 382 1989 tinne
409 1939 525 1989 carmine
552 1935 706 2002 celebrere,
737 1938 810 2006 ipsas
852 1936 913 1990 ride
927 1939 957 2004 1,
970 1937 1004 2003 6,
1023 1937 1065 1989 23.
1084 1931 1341 2007 Cythersoepueraies

305 2009 414 2088 quoque
423 2013 456 2068 ab
468 2017 564 2068 amoris
576 2019 698 2086 contagio
709 2033 809 2086 nequa·
854 2019 927 2090 apud
947 2019 1100 2084 Horatium,
1124 2017 1210 2068 Carus.
1229 2017 1277 2080 ΙΙΙ,
1297 2029 1340 2076 ts,

306 2113 386 2166 quam
406 2093 511 2146 liberas.
532 2089 640 2144 Utiuath
664 2107 690 2145 et
712 2093 762 2144 sibi
781 2095 809 2145 ia
854 2095 1023 2164 4,·νοὶαῑί1ἰς
1036 2114 1104 2168 puer
1119 2095 1232 2161 ovidio,
1247 2095 1337 2144 Amore.

304 2171 356 2224 hoc
369 2171 453 2224 choro
469 2189 530 2223 cnm
545 2170 635 2242 puella
649 2189 699 2224 sua
715 2188 809 2224 canere·
854 2175 891 2240 11,
904 2191 938 2244 ¹7,
961 2191 1002 2243 ²7·

305 2248 422 2302 liceati·
445 2285 449 2292 -
891 2251 934 2303 33.
951 2251 1108 2322 Vir-pinibus.
1123 2250 1232 2302 Sorores
1243 2250 1342 2319 virgines

344 2333 386 2383 26.
400 2331 497 2383 Rorida
510 2343 596 2407 patra.
610 2331 705 2384 dorida
721 2333 812 2403 scripti
855 2328 980 2400 (Musas)
993 2329 1127 2399 intelligis.
1140 2331 1198 2380 Nec
1207 2344 1249 2393 tu,
1258 2328 1344 2397 iuquit,

306 2408 366 2462 libri
378 2411 434 2462 fere
443 2429 550 2480 omues,
563 2411 671 2464 Roscida
686 2409 811 2463 exhibent
855 2411 978 2464 ruborem
986 2412 1088 2480 injicies
1095 2412 1175 2462 castis
1183 2410 1318 2463 sororibus.

307 2490 439 2561 impressi.
738 2507 746 2522 ·
868 2511 871 2519 ·
893 2491 936 2544 35.
947 2491 975 2543 Si
985 2502 1082 2542 nmen.
1096 2489 1162 2541 Vide
1173 2489 1207 2540 ad
1217 2491 1259 2552 IV,
1270 2504 1296 2550 ι,
1307 2485 1345 2554 ⁴9»

344 2585 386 2636 ²7·
396 2568 508 2636 Sorores,
518 2569 626 2634 Musas,
637 2561 716 2638 utili,
731 2587 753 2637 t,
768 2586 808 2640 ¹7·
856 2567 902 2620 ubi
916 2568 1002 2620 forms
1023 2567 1117 2620 eadem
1136 2580 1194 2632 est,
1213 2583 1286 2636 quem
1304 2583 1345 2634 po·

305 2648 344 2698 lta
370 2647 460 2699 alitem
478 2648 615 2701 indefinito
641 2669 720 2702 seusu
744 2649 810 2702 dicit
857 2649 929 2712 suit,
946 2649 975 2700 Si
993 2649 1079 2700 modo.
1100 2675 1137 2688 ·-
1157 2645 1288 2716 Quadam.
1307 2645 1345 2694 Est

306 2745 384 2790 mox,
399 2743 474 2779 versu
491 2727 534 2780 31.
549 2757 585 2767 -
597 2728 710 2801 Antiqui
728 2729 810 2780 Jovis.
857 2727 976 2800 quaedam
987 2729 1036 2779 iste
1045 2725 1181 2796 Calliope,
1194 2745 1224 2777 es
1235 2719 1344 2792 (iduare,

305 2797 449 2876 Epitheton
459 2809 531 2859 Jovis
543 2811 665 2881 antiquus
679 2812 757 2860 etiam
766 2811 809 2876 iV,
857 2809 902 2878 qui
921 2825 965 2858 rex
985 2806 1137 2870 Thracum,
1159 2805 1218 2856 Lini
1234 2816 1311 2854 mater
1324 2813 1346 2850 et

306 2885 339 2953 4,
356 2887 548 2959 2.-Adspics‘es
559 2908 660 2942 canere.
675 2888 741 2941 Vide
754 2901 812 2941 not.
856 2883 965 2956 Orphei.
983 2885 1050 2936 Vide
1066 2883 1223 2954 Apollodor.
1242 2885 1266 2943 Ι,
1285 2881 1310 2944 3,
1326 2895 1345 2930 a.

308 2965 342 3018 ad
354 2965 419 3036 eleg.
439 2967 484 3032 16,
498 2967 541 3036 49.
854 2965 1021 3017 -Bs'stum'is
1034 2963 1155 3036 rupibus,
1174 2961 1208 3014 ad
1224 2979 1299 3032 rupes
1313 2960 1347 3010 di·

343 3063 387 3114 n9.
416 3046 450 3098 Ut
471 3045 575 3099 Semela
598 3057 635 3100 est
655 3048 810 3099 combustus.
855 3046 963 3096 stonias.
987 3043 1100 3094 Abiatiri
1121 3037 1207 3094 forma
1227 3055 1283 3104 cst,
1305 3055 1348 3109 qua

306 3125 353 3176 Vir
374 3123 469 3178 doctus
493 3125 604 3178 adnotat
624 3121 785 3195 (Kainoet)
803 3143 823 3174 :-
856 3125 951 3194 saepius
969 3124 1052 3174 utitur
1067 3136 1155 3192 poeta.
1173 3121 1239 3174 Vide
1252 3132 1304 3172 not.
1320 3113 1347 3168 ad

310 3205 471 3275 sExquisite
509 3207 653 3257 combustus
682 3201 811 3268 Semela,
855 3201 1348 3268 lv,3‚10.*stsr0nesaurem‚gens

307 3283 807 3354 quametipsnmfulmiuecombussits
855 3279 996 3348 Thraciae,
1025 3297 1105 3350 quam
1133 3275 1347 3350 pro·‘l'hrecibns

305 3359 376 3432 (vide
384 3360 448 3433 eleg.
460 3361 506 3424 28,
516 3361 568 3432 28).
579 3363 666 3429 Jejuui
677 3371 703 3411 et
712 3357 810 3428 illepidi
854 3360 919 3430 ipsis
939 3362 1067 3410 nominat.
1088 3387 1125 3400 -
1146 3357 1249 3432 OEapn'
1261 3354 1347 3430 fipura.

307 3437 392 3505 sales,
413 3438 606 3509 quosabsitut
624 3455 750 3508 umquam
768 3438 811 3487 in·
855 3438 896 3489 Ne
921 3450 1006 3490 tentes
1031 3437 1074 3488 bic
1092 3433 1164 3488 'cum
1197 3434 1347 3488 Eroubbmie

306 3535 428 3587 geramus
438 3519 584 3588 Propertio.
593 3547 629 3558 --
648 3518 697 3579 Io;
709 3515 742 3568 de
757 3533 812 3586 qus
857 3515 974 3568 alienum
992 3533 1097 3568 seusam
1118 3515 1230 3580 inferne,
1252 3511 1349 3566 hominis

305 3596 365 3648 vide
376 3597 442 3666 eleg.
454 3598 503 3663 28,
514 3598 622 3666 17-18.
635 3597 729 3648 Sextus
737 3613 814 3648 casus
850 3593 970 3668 fipurcm
982 3597 1079 3647 Noster
1095 3597 1183 3666 ipsum
1198 3595 1260 3646 dicit
1276 3591 1349 3644 bomi-

306 3673 464 3726 hocnoruen
476 3687 527 3740 est,
538 3673 812 3740 ossensele—Avis,
858 3693 935 3741 nem,
950 3693 1007 3726 nou
1028 3675 1102 3726 aliter
1120 3688 1202 3745 atque
1224 3672 1349 3724 Inachidos

308 3753 397 3824 aquila
413 3755 515 3822 factus,
531 3775 613 3827 quum
631 3773 662 3807 ex
675 3755 720 3808 lda
735 3773 813 3806 mon·
858 3771 954 3806 cornua
972 3771 1021 3824 pro
1033 3755 1091 3825 ipsa
1104 3751 1230 3805 insubide
1245 3753 1348 3824 positum

262 3847 264 3850 ·
309 3841 334 3882 te
353 3831 522 3903 Ganymeden
540 3847 653 3905 raperet.
671 3861 707 3872 -
729 3833 813 3904 Trojoe
858 3831 968 3884 vidimus
985 3832 1113 3898 1‚3‚20.

308 3915 383 3960 tecta.
399 3910 465 3961 Vide
479 3913 505 3977 Ι,
520 3913 552 3976 6,
566 3913 591 3980 4.
893 3911 936 3980 37.
949 3911 1017 3977 Hic,
1031 3912 1099 3963 inter
1112 3912 1218 3973 Musas,
1234 3910 1277 3961 ubi
1288 3920 1309 3960 te
1320 3903 1348 3955 il·

300 4035 301 4038 ,
345 3987 389 4039 3¹.
403 3988 497 4058 Alitis,
507 3991 559 4042 diri
573 3988 729 4060 Cupidinis,
740 4001 771 4040 at
782 3987 814 4039 it·
856 3989 941 4042 larum
951 4007 1044 4060 agmen
1054 3993 1170 4061 primam
1180 4007 1238 4042 esse
1249 3987 1348 4041 voluerit

308 4063 364 4118 lum
387 4068 486 4120 Noster
509 4087 577 4141 saepe
597 4069 662 4122 dicit
679 4085 810 4140 puerum:
857 4072 1027 4140 reginamque
1046 4068 1165 4138 choree,
1184 4082 1250 4120 tuuc
1268 4081 1293 4120 et
1307 4079 1348 4134 ego
