2870 4968
218 517 219 522 ¹
288 485 352 552 150
407 515 412 522 ·
580 482 849 550 PROPERTII
873 482 962 547 LIB.
990 483 1039 546 ll.

328 610 483 680 Theseus
496 610 653 692 hiemis,
667 612 799 704 superis
812 624 954 678 testatur
966 605 1131 689 Achilles,

378 723 441 790 Hic
452 721 647 804 Ixioniden,
661 719 717 790 ille
729 719 966 788 Menoetiaden.

330 830 395 900 Sed
404 855 515 926 neque
529 830 718 923 Phlegraeos
730 833 822 900 lovis
834 827 1063 922 Enceladique
1075 825 1244 896 tumultus

378 946 514 1009 Intonet
525 960 670 1034 angusto
681 959 818 1034 pectore
829 939 1074 1023 Callimachus3
1312 950 1344 1018 4ο

331 1055 402 1120 Nec
412 1075 488 1122 mea
502 1055 709 1121 conveniunt
718 1052 809 1123 duro
821 1048 1008 1144 praecordia
1018 1073 1121 1118 versu

378 1163 519 1230 Caesaris
533 1165 569 1230 in
581 1161 746 1256 Phrygios
758 1161 904 1230 condere
915 1183 1042 1228 nomen
1053 1182 1145 1229 avos.

332 1273 450 1339 Navita
462 1270 505 1339 de
518 1275 645 1355 ventis,
659 1272 703 1339 de
715 1274 818 1339 tauris
831 1285 948 1338 narrat
958 1287 1088 1352 arator,

378 1386 565 1450 Enumerat
575 1381 672 1450 miles
683 1379 843 1463 vulnera,
857 1395 974 1473 pastor
988 1403 1085 1462 oves,

286 1571 331 1615 ce,·
349 1565 380 1606 ut
396 1553 425 1606 in
441 1572 526 1625 pace,
544 1556 583 1607 sic
599 1567 625 1606 et
637 1552 717 1606 bello.
733 1555 791 1606 No·
837 1551 932 1606 cidisse
950 1551 1023 1624 apud
1038 1551 1175 1604 Nostrum.
1190 1579 1227 1590 -
1240 1551 1348 1604 Ixioni-

287 1628 369 1682 tanda
384 1629 486 1683 locutio
501 1633 552 1684 ista
567 1645 623 1696 est,
639 1650 692 1704 quo
709 1632 792 1684 verba
837 1633 886 1684 den
889 1669 946 1685 ......
959 1630 1146 1684 Mcnoetiaden.
1165 1631 1260 1682 lxiona
1281 1633 1349 1683 Piri-

285 1726 386 1763 samere
399 1723 426 1761 et
436 1727 533 1780 ponere
543 1713 649 1764 inversa
661 1712 793 1764 sententia
837 1711 926 1779 thous,
936 1713 1092 1764 Menoetium
1102 1709 1197 1764 habuit
1206 1711 1349 1765 Patroclus

286 1789 440 1860 Propertius
467 1809 529 1842 cum
549 1810 616 1864 pace
636 1793 793 1864 conjungit,
838 1804 951 1862 patrem.

286 1880 361 1920 recta
373 1868 505 1942 solitaque
514 1873 598 1924 oratio
607 1870 793 1943 quumbellum
874 1871 918 1938 4ο.
937 1872 1059 1938 Intoaet,
1073 1868 1215 1922 intonabit.
1230 1870 1350 1940 Conjnn·

287 1961 334 2000 aut
345 1966 420 2001 anna
433 1963 566 2022 posceret.
840 1951 922 2002 ctivus
930 1963 985 2017 est,
996 1963 1027 2000 ut
1037 1960 1105 2021 sepe
1113 1987 1122 2015 ,
1131 1968 1182 2020 pro
1192 1949 1286 2000 futuro
1298 1967 1352 2020 po·

323 2027 367 2098 37.
391 2029 501 2083 Tlesan
519 2030 645 2102 infemis,
664 2045 716 2083 etc.
735 2033 794 2084 Hoc
839 2031 914 2082 titus.
934 2057 969 2070 —·
989 2027 1182 2096 Callimachus,
1204 2029 1351 2100 Cyrenaeus

287 2107 421 2162 distichon
439 2123 469 2162 ut
489 2112 620 2182 superiori
643 2129 794 2164 connexum
839 2122 937 2180 poeta,
958 2109 1028 2162 Batti
1050 2122 1077 2162 et
1099 2107 1234 2162 Mesatmae
1259 2105 1373 2176 lilius,'

287 2189 397 2262 intelligi
408 2206 517 2262 posset,
533 2193 653 2244 Muretus
663 2191 744 2264 quale
752 2211 795 2244 co·
840 2187 1000 2242 carminibus
1012 2188 1134 2260 elegiacis
1144 2186 1279 2239 inclaruit.
1290 2188 1352 2240 Aa·

286 2280 336 2338 put
346 2268 499 2340 supplebat.
508 2270 650 2322 structure
660 2271 796 2323 licentiam
837 2282 941 2344 gastum
953 2269 998 2321 hic
1009 2281 1098 2342 pectus
1112 2268 1195 2322 habet
1208 2267 1307 2342 (plone
1318 2282 1352 2322 ut

289 2347 446 2402 abnormem
458 2369 507 2402 nec
522 2350 699 2414 excusandam
709 2351 796 2405 Lach—
839 2352 961 2425 exiguum
978 2349 1071 2402 Nostri
1087 2359 1178 2420 pectus
1193 2363 1233 2400 est
1246 2349 1301 2416 lV,
1319 2365 1352 2414 t,

289 2445 403 2480 mannus
412 2430 510 2499 rejicit,
523 2432 668 2484 mutatione
682 2431 733 2482 bac
746 2449 795 2483 sua
841 2431 909 2504 59),
933 2433 1033 2502 quippe
1052 2431 1098 2502 qui
1117 2443 1209 2482 tenera
1223 2425 1353 2501 leviaque

289 2507 383 2558 sistens
393 2509 544 2560 restitutum
554 2509 794 2562 locumra'l'emea
841 2512 956 2576 cecinit,
981 2509 1033 2562 lioc
1061 2509 1157 2580 eodem
1182 2528 1262 2562 sensu
1294 2529 1353 2562 ιιοιι

289 2586 366 2638 Musa
376 2586 426 2638 illis
435 2607 540 2659 semper
547 2601 700 2642 contexeret
708 2591 796 2656 armis,
841 2591 949 2664 inflatus
962 2590 1049 2642 dictus
1066 2591 1135 2642 iufra
1153 2589 1219 2659 eleg.
1235 2589 1285 2655 34,
1304 2592 1351 2644 32.

245 2687 250 2698 ·
289 2663 322 2714 Et
335 2679 423 2718 sumta
435 2680 461 2718 et
473 2669 561 2738 posita
577 2686 643 2738 pace
657 2667 735 2719 fidele
749 2686 797 2719 ca·
840 2672 956 2722 Decorat
964 2688 991 2722 se
999 2669 1154 2740 Propertius
1164 2669 1280 2719 Romani
1291 2667 1354 2721 Col-

289 2757 355 2816 put,
367 2745 486 2798 Theseus
496 2748 622 2813 infernis,
635 2749 737 2817 superis
748 2765 797 2798 ceu
841 2747 952 2800 limaclri
961 2749 1069 2800 nornine
1076 2749 1157 2815 lV,·r,
1167 2745 1210 2812 64.
1220 2775 1257 2786 -
1265 2746 1353 2808 Phle-

285 2819 363 2893 fatur
375 2822 504 2890 Achilles,
522 2827 571 2877 Hic
586 2823 739 2892 Ixioniden,
752 2823 797 2878 ille
838 2847 920 2902 grune
932 2829 1005 2880 Jovis
1014 2825 1194 2899 Enceladique
1206 2826 1353 2895 tumultus,

291 2903 478 2956 Menoetiaden.
488 2928 499 2952 ι
510 2905 591 2973 Quod
599 2908 639 2956 vir
646 2905 742 2958 doctus
754 2925 796 2958 ex·
841 2908 941 2962 bellum
960 2909 1136 2980 (ligantem,
1158 2911 1186 2960 iu
1200 2909 1271 2960 notis
1294 2929 1355 2962 me·

290 2981 395 3054 plicat:
421 2983 541 3037 :Fidele
566 2989 688 3056 Augusto
714 2997 797 3056 caput
842 3001 974 3040 moretum
992 2986 1026 3038 ad
1042 2988 1069 3052 l,
1089 3005 1143 3052 20,
1159 3004 1185 3056 9.
1200 2986 1355 3042 Enceladus

291 3063 463 3116 Maecenatem
473 3063 551 3126 dicit,
564 3063 656 3136 quales
665 3063 716 3118 eibi
728 3066 794 3116 Piri·
842 3085 911 3118 nnus
924 3085 939 3118 e
952 3063 1110 3135 Gigantibus
1123 3077 1171 3117 est.

290 3138 383 3194 thoum
398 3157 425 3196 et
434 3143 585 3196 Patroclum
600 3145 682 3196 fuisse
694 3145 797 3216 superis
879 3145 922 3213 4ι.
941 3145 997 3197 Nec
1015 3144 1159 3216 precordia
1177 3162 1236 3196 mea
1255 3162 1355 3197 conve·

290 3223 435 3296 inferisque
448 3225 562 3280 Achilles
573 3246 604 3278 ac
619 3225 740 3278 Theseus
755 3245 798 3279 re·
843 3225 936 3290 aiunt,
952 3235 1014 3294 epta
1030 3236 1108 3287 sunt,
1124 3221 1233 3274 condere
1247 3223 1355 3276 &sads

290 3302 388 3355 ferunt.
407 3304 477 3356 Nam
493 3307 591 3357 mortui
607 3303 681 3376 apud
696 3306 797 3358 inferos
843 3321 936 3356 nomen
947 3304 975 3354 in
985 3301 1195 3376 Phrygiarum,
1206 3303 1354 3372 Trojanam

291 3398 341 3433 sua
359 3383 416 3432 lota
430 3397 539 3434 nonant
555 3380 632 3453 (vide
650 3385 797 3450 Nostrum,
842 3383 952 3435 Caesaris
965 3384 1094 3453 originem
1107 3380 1206 3432 dicere.
1216 3411 1252 3420 —
1262 3381 1355 3435 Danu

290 3461 335 3524 IV,
347 3478 377 3531 7,
389 3459 424 3513 63
437 3479 514 3531 sqq.;
527 3463 566 3528 ll,
582 3463 631 3526 28,
645 3479 693 3532 27;
704 3461 796 3532 Virgil.
843 3461 1187 3534 verrunheroicunepicus.
1199 3461 1242 3514 Sic
1252 3460 1354 3514 clunem

291 3537 395 3591 AEneid.
415 3541 467 3605 Vl,
484 3540 537 3594 618
554 3541 614 3613 tq.)
632 3561 638 3592 ι
656 3540 692 3592 dii
710 3554 797 3593 autem
840 3553 946 3614 poetam
959 3539 1042 3592 habes
1055 3539 1121 3610 eleg.
1137 3539 1189 3606 34,
1204 3540 1252 3606 44,
1265 3553 1293 3592 et
1305 3541 1355 3592 do·

290 3615 358 3688 (hos
372 3619 443 3670 enim
453 3638 558 3692 superos
569 3619 707 3690 intelligo)
726 3619 799 3692 apud
844 3638 900 3671 rom
913 3639 1050 3684 coronam,
1065 3637 1122 3692 quse
1138 3633 1282 3690 poetarum
1296 3621 1355 3692 epi-

291 3699 437 3750 Homerum
452 3711 478 3749 ct
494 3697 560 3750 alios
576 3716 617 3750 res
637 3697 671 3750 ab
682 3697 799 3766 hornini-
843 3715 937 3749 corum
946 3711 1002 3763 est,
1014 3698 1049 3749 lll
1057 3736 1066 3766 ,
1081 3714 1164 3764 1,oo.
1176 3694 1274 3748 Mollia
1284 3716 1354 3750 con-

290 3775 342 3832 bus
356 3790 443 3846 gestas
459 3780 487 3830 in
503 3779 621 3830 animum
634 3777 685 3830 sibi
703 3779 798 3850 saepius
844 3779 924 3828 trario
955 3775 1191 3830 eeusu=dicuntur
1219 3779 1355 3830 amatoria

188 3885 191 3894 ι
291 3871 426 3912 revocant.
441 3881 452 3906 ι
472 3887 507 3899 -
521 3860 661 3928 Ingeniosa
676 3859 797 3930 profecto
844 3858 974 3918 carmina3
987 3869 1017 3908 ut
1029 3855 1282 3928 libermollirsupra
1292 3877 1354 3910 ver-

292 3936 447 4005 conjectura
467 3935 617 4006 videbitur,
640 3936 687 3990 scd
710 3950 735 3988 et
758 3939 799 3990 ui·
842 3953 874 3988 su
887 3953 918 3998 ις
932 3935 1022 3989 mollis
1035 3954 1120 3990 versas
1131 3937 1156 4001 1,
1170 3953 1202 4006 7,
1219 3953 1263 4006 ¹9³
1279 3935 1356 3990 clori

292 4015 376 4084 mium
394 4015 506 4067 fortasse
527 4015 634 4080 libera,
662 4016 723 4068 ideo
747 4035 798 4070 nec
843 4013 936 4070 molles
947 4017 1107 4084 11,34,4ι.

255 4125 256 4129 =
293 4091 462 4160 adversabor,
475 4095 511 4158 si,
527 4093 744 4164 vulgaritervata
759 4093 797 4148 le·
878 4097 921 4165 43.
944 4098 984 4150 De
1003 4099 1090 4150 tauris.
1106 4097 1147 4149 De
1167 4095 1241 4150 tenir
1259 4095 1354 4150 Codex

292 4171 392 4238 ctione,
408 4171 527 4245 quaednrn
541 4174 646 4246 opinari
662 4173 739 4226 molis
753 4193 796 4228 ex·
840 4177 1021 4247 Regiusmeus
1029 4179 1062 4229 D.
1074 4177 1146 4229 Inter
1161 4178 1247 4230 varias
1261 4175 1355 4232 lectio·
