2870 4968
289 473 350 538 108
598 464 863 530 PROPERTll
891 462 977 526 [ΑΒ.
1006 463 1031 524 l.

376 602 493 662 Annus
505 608 539 660 et
550 595 700 659 inversas
712 587 846 655 duxerit
857 603 935 654 ante
947 589 1053 668 vices,
1087 569 1089 572 ⁵
1310 602 1349 653 30

329 712 439 792 Quam
451 721 509 770 tua
521 702 584 770 sub
597 718 714 769 nostro
723 715 875 767 mutetur
888 713 1024 790 pectore
1036 720 1126 764 oum.

376 819 427 882 Sis
440 813 679 909 quodcumque
690 808 799 892 voles,
813 831 883 875 non
895 807 1005 874 aliena
1016 821 1140 874 tamen.

329 933 416 993 Nam
427 923 565 992 mihine
578 921 660 989 viles
673 923 726 988 isti
739 919 918 987 videantur
930 916 1045 1000 ocelli,

321 1038 323 1045 '
376 1043 440 1105 Per
452 1060 536 1130 quos
549 1057 639 1127 saepe
650 1032 733 1100 mihi
746 1029 872 1099 credita
883 1029 1024 1123 perfidia
1035 1039 1102 1097 est!

330 1155 400 1216 Hos
413 1165 451 1216 tu
459 1147 598 1241 jurabas
610 1197 618 1227 ,
632 1148 660 1213 si
671 1143 753 1239 quid
766 1145 906 1210 mentita
917 1141 1058 1224 fuisses,

377 1265 424 1327 Ut
435 1258 494 1326 tibi
507 1257 689 1350 subpositis
702 1254 895 1323 exciderent
906 1253 1075 1321 manibus.

332 1375 374 1436 Et
384 1385 502 1437 contra
514 1391 676 1459 maguum
688 1380 785 1458 potes
797 1363 860 1432 hos
871 1361 1035 1430 adtollere
1047 1363 1174 1445 Solem,

378 1485 447 1546 Nec
460 1481 574 1546 tremis
586 1455 743 1544 admissae
755 1477 890 1542 conscia
907 1475 1088 1566 nequitiae?

333 1591 416 1676 Quis
428 1605 462 1655 te
474 1587 615 1680 cogebat
626 1585 752 1653 multos
765 1583 893 1677 pallere
906 1583 1052 1664 colores,

380 1705 422 1768 Et
433 1699 552 1767 fletum
564 1701 676 1768 invitis
689 1698 813 1766 ducere
826 1694 1034 1762 luminibus?
1320 1713 1357 1778 40

333 1815 416 1900 Quis
429 1837 491 1905 ego
501 1785 594 1880 nunc
605 1834 723 1903 pere0‚
738 1806 862 1876 similes
875 1808 1065 1874 moniturus
1079 1823 1244 1876 amantes.

382 1921 528 1991 Ouullis
540 1936 652 1988 tutum
663 1919 802 1988 credere
813 1916 983 1985 blanditiis
998 1923 1004 1982 !
1053 1909 1054 1919 ¹

288 2164 316 2197 se
329 2162 409 2216 quum
421 2145 535 2196 maxime
546 2143 797 2214 scriptores—La·
840 2160 965 2194 nuscum
982 2139 1103 2194 Schulzio
1119 2139 1238 2206 dederit,
1260 2143 1358 2196 *Nam

191 2255 195 2263 ·
289 2225 380 2276 dentur
392 2242 442 2294 pro
458 2223 558 2294 vulgari
578 2223 701 2275 labantur
717 2241 749 2274 ex
765 2220 797 2272 li-
840 2219 905 2272 mibi
925 2239 958 2272 ne
975 2219 1039 2272 viles
1056 2222 1099 2272 isti
1118 2219 1259 2272 videantur
1279 2222 1360 2275 ocel-

289 2301 343 2354 bris
358 2301 480 2354 omnibus
497 2315 544 2354 aut
558 2314 628 2353 certe
642 2299 797 2353 melioribus
840 2297 859 2348 li
868 2302 909 2350 ...l
920 2321 931 2346 ι
944 2297 1013 2350 absit
1022 2300 1108 2359 enim,
1121 2311 1151 2348 ut
1165 2297 1260 2350 oculos
1271 2301 1360 2368 istos,

289 2378 475 2432 Lachmannus
488 2379 585 2444 edidit,
597 2397 658 2432 cum
668 2389 797 2450 sequente
842 2377 938 2448 quibus
952 2381 1072 2449 quamvis
1084 2377 1191 2448 perfidis
1206 2381 1286 2432 toties
1298 2399 1361 2434 ure·

289 2460 406 2526 duxerit,
424 2460 497 2532 quod
512 2475 538 2514 et
554 2463 642 2532 ipsum
659 2479 713 2512 rem
727 2460 797 2510 futu·
842 2457 921 2524 didi,
945 2461 1135 2510 contemnam!
1156 2460 1246 2510 Lectio
1272 2477 1361 2531 quam

289 2559 346 2590 ram
365 2539 479 2608 indicat,
501 2539 570 2592 bene
588 2541 711 2609 junctum
731 2537 798 2589 illud
842 2541 962 2608 proxima
985 2551 1024 2590 est
1045 2539 1179 2610 seriptum
1201 2539 1361 2594 Gadium:

290 2629 396 2670 notans.
407 2619 506 2670 Firmat
515 2619 683 2690 Propertius,
695 2617 733 2678 ll,
751 2617 796 2682 13,
842 2617 941 2670 liabent
956 2620 1042 2689 Quam
1053 2618 1140 2670 tibine
1152 2617 1216 2671 viler
1236 2617 1300 2687 alii,
1312 2621 1363 2674 ulii

293 2715 406 2768 27-29.
845 2701 929 2770 Quam
943 2699 1010 2750 milii
1024 2719 1057 2751 ne
1069 2699 1140 2751 viles.

327 2779 371 2830 32.
387 2777 428 2830 Sis
441 2777 624 2849 quodcumque
638 2773 723 2843 voles,
738 2794 797 2846 per·
880 2779 923 2832 35.
946 2779 1001 2832 Hos
1022 2791 1050 2831 tu
1062 2780 1179 2850 jurabas.
1201 2781 1365 2833 Memoraut

289 2861 363 2930 jura,
374 2855 491 2928 perfidu
503 2877 558 2911 nou
566 2857 670 2923 aliena,
680 2875 734 2908 non
744 2859 798 2907 inu·
842 2857 1028 2929 jusjurandum
1051 2877 1099 2929 per
1116 2857 1208 2910 oculor
1228 2858 1362 2930 frequen·

291 2950 377 3001 matu,
395 2946 482 2988 tamen
499 2938 550 2988 eris
567 2936 632 2987 mibi
647 2957 653 2988 :
670 2935 800 3007 quidquid
846 2949 886 2990 ter
901 2951 1041 2999 auctores;
1056 2949 1085 2988 ut
1101 2936 1176 2989 ovid.
1192 2940 1300 2990 Amore.
1318 2940 1363 3007 11,

292 3018 319 3066 in
327 3035 369 3068 me
376 3012 755 3082 tentes,uihiloseciusamab0
763 3027 797 3065 te.
849 3016 895 3083 16,
913 3017 947 3082 43
957 3035 996 3087 sq.
1007 3017 1057 3083 111,
1065 3015 1097 3082 3,
1110 3017 1141 3069 13
1149 3035 1187 3088 sq.
1198 3014 1301 3068 Tibull.
1309 3019 1364 3085 111,

329 3095 371 3150 33.
387 3098 459 3150 Nam
473 3095 553 3162 mibi,
566 3110 616 3148 etc.
631 3098 692 3148 Haec
704 3093 799 3146 editio·
846 3116 877 3168 7,
895 3097 935 3150 15.

293 3194 341 3228 nes
357 3177 391 3228 ita
411 3177 500 3228 ferunt
519 3194 534 3226 a
553 3174 683 3228 Beroaldo
700 3176 800 3226 consti·
881 3177 924 3245 39.
937 3175 1044 3228 Panem
1057 3175 1152 3230 multos
1163 3175 1273 3242 colores,
1286 3177 1365 3234 Gne·

293 3266 351 3306 tuta
365 3277 371 3306 :
387 3257 496 3322 «Quam
512 3267 557 3304 tua
572 3253 622 3305 sub
636 3267 727 3306 nostro
740 3272 800 3304 mu·
846 3275 940 3310 corum
958 3257 1056 3320 forma,
1076 3275 1137 3307 cum
1154 3254 1243 3308 multis
1258 3256 1365 3310 colori.

294 3347 364 3387 tetur
374 3348 483 3406 pectore
496 3334 726 3402 curu....Quamve
735 3331 800 3384 mibi
846 3335 905 3386 bus.
922 3335 1013 3386 Variut
1035 3331 1106 3384 enim
1124 3332 1212 3384 mirus
1235 3331 1364 3388 colorem

294 3413 360 3467 viles
373 3415 417 3465 isti
432 3412 573 3464 videantur
587 3411 698 3478 ocelli,·
716 3425 745 3462 ut
760 3413 802 3462 iu·
846 3430 938 3476 suum,
955 3409 1002 3462 ubi
1018 3427 1068 3462 nos
1084 3423 1235 3462 commovet
1251 3429 1301 3463 res.
1312 3411 1365 3466 ali·

295 3490 801 3564 terjectushabeatursiuemugnosen-
848 3510 900 3562 qua
921 3491 1174 3545 lunius—Ducere
1186 3490 1303 3566 fletum,
1333 3505 1366 3546 ut

297 3591 328 3625 su
343 3571 488 3625 versiculus
508 3571 548 3623 Sis
564 3571 746 3642 quodcumque
760 3587 803 3622 vo·
848 3571 973 3642 suspiria,
982 3572 1108 3644 qemitur,
1120 3588 1191 3622 voces
1202 3569 1307 3622 ducere.
1323 3571 1366 3624 Si-

288 3649 350 3718 les,
362 3669 416 3703 non
428 3650 517 3704 alienu
530 3661 626 3702 tamen.
646 3649 698 3704 Sed
712 3651 739 3700 in
751 3648 804 3700 hoc
849 3650 1035 3721 gnificutiones
1058 3653 1202 3702 innumere
1225 3663 1307 3716 suut,
1336 3654 1366 3706 iu

298 3733 357 3801 ipso
371 3748 464 3797 versu,
477 3728 557 3781 modo
572 3741 642 3781 recte
655 3729 804 3800 capiamus,
850 3749 915 3802 quas
927 3731 980 3784 boc
991 3729 1100 3782 verbum
1113 3731 1234 3782 flectitur.

298 3828 354 3862 non
366 3821 453 3860 autem
465 3809 580 3862 alienum
595 3828 644 3880 pro
660 3809 725 3860 irata
740 3806 805 3859 mibi
885 3809 929 3876 41.
943 3809 1018 3879 Quis,
1029 3811 1117 3881 queis;
1129 3807 1274 3862 luminibus
1287 3829 1366 3864 nem·

298 3887 352 3956 (sis
365 3887 437 3960 quod
446 3889 532 3954 voles,
546 3887 573 3938 id
587 3907 684 3952 unum,
694 3905 727 3938 ne
739 3885 804 3938 mibi
849 3907 892 3959 pe.
902 3890 969 3940 -O
983 3889 1064 3940 nullis
1076 3899 1177 3955 tutum,
1186 3901 1236 3941 ete.
1252 3908 1269 3939 ο
1279 3888 1365 3943 blan-

299 3970 333 4020 sis
345 3967 805 4039 inimica),positumsententiaece·
850 3966 920 4020 ditiis
940 3965 1101 4038 quibuslibet
1117 3986 1172 4020 nou
1190 3979 1280 4020 tutum
1298 3984 1365 4024 cre-

229 4095 231 4099 .
300 4057 349 4118 put
362 4060 389 4098 et
401 4048 518 4118 primum
535 4045 740 4100 fundumentum
754 4057 803 4096 est.
851 4045 928 4098 dere!
939 4047 1096 4114 Negationis
1105 4065 1169 4100 usus
1178 4065 1234 4099 uon
1247 4047 1365 4101 absimi-

300 4125 540 4209 Nffdubitesffluiu
550 4123 806 4198 egregiebacbman·
850 4123 882 4176 lis
895 4139 950 4192 est,
962 4124 1029 4195 eleg.
1047 4141 1096 4192 10,
1107 4125 1149 4178 26.
