2822 4966
320 451 389 539 396
608 448 873 514 PROPERTII
897 449 987 514 ΗΒ.
1014 448 1082 530 ΙΙΙ.

367 584 458 645 Ausa
470 581 489 644 J
491 579 545 644 ovi
555 593 671 644 nostro
683 575 864 644 latrantem
874 573 1046 668 obponere
1057 575 1219 656 Anubim,

412 692 455 754 Et
467 685 615 754 Tiberim
626 685 693 754 Nili
706 709 826 781 cogere
837 685 926 774 ferre
937 687 1062 769 minas3

367 804 620 892 Romanamque
632 797 749 866 tubam
763 797 941 888 crepitanti
951 794 1078 888 pellere
1089 798 1205 878 sistro,

413 907 551 976 Baridos
564 923 597 975 et
609 909 716 976 contis
728 921 837 974 rostra
850 906 999 974 Liburna
1013 909 1128 1001 seqni;
1191 991 1193 996 Ι

368 1019 537 1114 Foedaque
548 1021 696 1113 Tarpeio
709 1020 852 1112 conopia
863 1018 1003 1086 tendere
1014 1042 1111 1101 saxo,
1322 1029 1349 1096 45

414 1137 497 1201 Jura
510 1132 591 1201 dare
603 1147 637 1201 et
647 1149 774 1202 statuas
785 1135 873 1200 inter
885 1148 919 1201 et
930 1156 1023 1200 arma
1034 1135 1137 1200 Mari!

321 1333 496 1403 cogcrefcrre
509 1334 631 1386 mima!-
648 1335 734 1386 Unam
750 1337 826 1406 Μῃ-
870 1335 963 1389 melius
985 1335 1122 1410 Plrleproeo
1142 1351 1235 1406 catnpo
1251 1331 1350 1404 fuum,

320 1424 397 1480 ptum
415 1430 430 1463 a
448 1409 589 1486 Philippeo
610 1416 757 1486 sanguine,
774 1413 825 1466 hoc
869 1415 963 1468 melius
975 1411 1024 1466 tibi
1035 1427 1091 1467 erat
1102 1415 1204 1485 campis
1215 1408 1351 1464 Pharsalicit

321 1502 376 1555 est,
392 1508 407 1540 a
425 1493 553 1563 progenie
572 1501 616 1543 rur
632 1494 760 1559 Διαδόχων,
773 1512 825 1545 no·
870 1493 984 1556 cadere;
1001 1493 1050 1546 Vel
1057 1494 1079 1548 si
1092 1493 1165 1546 cotta
1173 1510 1256 1546 socero
1265 1491 1352 1542 dauns

321 1578 376 1619 tam
390 1581 415 1620 et
430 1569 603 1640 ignominiam
619 1573 727 1623 traxisse
744 1569 826 1636 dicit,
870 1591 941 1634 eram
954 1573 1011 1642 vel,
1029 1572 1082 1626 hoc
1096 1586 1149 1638 cst,
1168 1570 1260 1625 melius
1275 1569 1352 1628 etiam

321 1665 402 1718 quum
423 1647 496 1720 Syria
520 1662 547 1700 et
568 1649 726 1702 Macedonia
746 1649 825 1702 bonis
870 1671 993 1706 socerum
1012 1654 1140 1706 Cursarem
1156 1651 1288 1704 dominum
1302 1647 1352 1719 pati.

320 1727 427 1798 regibus
443 1730 559 1800 insignes
574 1731 681 1783 fuerint.
700 1730 747 1782 Uri
763 1741 826 1784 nota
869 1731 911 1782 Ire
921 1729 1308 1804 defuneribus,utspatiarill,
1318 1722 1353 1788 13,

320 1805 444 1880 frequens
461 1809 591 1881 loquendi
599 1829 685 1882 genus
701 1823 825 1884 esthne-
873 1826 913 1879 ¹9·
931 1808 1094 1881 Phleproeus,
1115 1805 1291 1866 Thessalicum
1308 1799 1353 1854 tide

321 1907 374 1960 que
382 1889 475 1957 aduri,
486 1903 516 1942 ut
528 1891 638 1961 opinor,
648 1892 685 1942 ita
694 1890 759 1960 poni
769 1907 825 1941 non
869 1891 920 1954 ΙΙΙ,
935 1908 965 1959 9,
979 1889 1191 1961 tlh-Canopus,
1204 1886 1266 1939 urbs
1278 1879 1357 1938 adllili'

320 1979 429 2038 potest,
456 1986 536 2041 quum
563 1967 663 2020 habeat
686 1967 825 2040 aliquoties
870 1969 1036 2041 Canopicum
1057 1971 1170 2034 ostium,
1187 1967 1290 2020 lascivia
1304 1961 1354 2016 olim

320 2046 414 2098 urendi
433 2047 650 2119 significationem
668 2069 674 2098 ι
692 2045 753 2099 ride
773 2047 826 2098 Lu·
870 2046 941 2100 loetle
957 2045 1066 2110 nobilis,
1085 2044 1158 2098 unde
1176 2044 1307 2116 epitheton
1323 2041 1355 2092 in-

321 2139 387 2179 cret.
399 2129 448 2194 tv,
461 2127 529 2190 330;
540 2125 618 2180 ovid.
626 2125 754 2180 Heroidd.
763 2127 825 2192 Xll,
870 2138 957 2181 cerno.
973 2156 1010 2168 -
1026 2125 1143 2190 Anubis,
1159 2123 1272 2180 Osiridis
1288 2121 1354 2182 filiu,

324 2205 383 2258 180.
395 2208 454 2258 lloc
464 2207 486 2258 si
496 2207 713 2277 nolis,superest
722 2218 752 2256 ut
762 2205 826 2256 scri-
870 2205 1031 2257 caniformis.
1060 2203 1178 2254 Anubim
1203 2199 1286 2254 scribe
1306 2214 1354 2249 cum

320 2279 369 2336 bas
384 2306 390 2335 :
406 2287 488 2337 «Una
503 2283 642 2356 Philippeo
661 2285 790 2355 sauguine
801 2301 826 2336 es
869 2283 1005 2355 Neapolit.
1016 2279 1128 2342 Codice,
1141 2298 1199 2332 non
1206 2273 1355 2337 Anubim&

321 2373 377 2414 tuta
390 2365 452 2414 nom
462 2384 491 2424 ς·
505 2361 654 2428 valeriam,
669 2365 751 2414 «Una
764 2361 825 2412 Phi·
869 2362 968 2416 talibus
987 2361 1068 2414 docet
1079 2358 1246 2426 Huschkius,
1266 2359 1313 2410 suis
1329 2351 1356 2406 etl

320 2438 411 2512 lippeo
431 2441 558 2511 sanquine
575 2460 661 2513 pressa
678 2443 780 2504 notam·
796 2454 826 2492 ut
871 2442 1006 2495 Tibullum
1020 2443 1099 2492 notis.
1303 2477 1307 2486 -

322 2518 394 2589 apud
416 2517 492 2571 ovid.
511 2521 581 2571 Fast.
598 2521 648 2586 Vl,
668 2519 730 2572 610.
744 2521 826 2570 Recte
907 2520 950 2588 44.
964 2521 1053 2586 Baris,
1067 2519 1189 2590 AEgyptia
1203 2516 1291 2587 lingua
1301 2511 1356 2564 uari·

322 2616 383 2649 vero
393 2598 440 2649 illo
453 2617 547 2664 versu,
560 2597 668 2650 n'l'ollet
680 2597 753 2649 nulla
770 2597 826 2649 dies
870 2599 944 2670 pium
955 2595 1081 2650 vehendis
1091 2593 1127 2646 ad
1134 2591 1295 2668 sepulturam
1302 2606 1357 2640 mor

322 2675 392 2728 hanc
404 2675 465 2742 tibi,
476 2678 577 2744 Roma,
587 2690 691 2741 notam,
702 2700 713 2722 n
727 2676 826 2727 crimen
872 2679 933 2730 tuis.
944 2677 1042 2748 Turpis
1064 2673 1163 2748 cymbae
1178 2674 1282 2726 nomine
1296 2665 1358 2720 belli·

323 2768 438 2826 acceptae
460 2774 475 2806 a
493 2755 641 2827 Cleopatra
655 2755 734 2805 minis
750 2756 826 2824 igno·
872 2775 916 2810 cas
927 2759 1108 2829 AEffiptiorum
1118 2774 1199 2808 naves
1206 2768 1286 2826 poeta
1295 2749 1358 2820 signi·

321 2834 408 2885 minias
421 2853 548 2906 umquam
561 2832 677 2886 deletum
693 2834 724 2885 iri
738 2846 825 2904 negat.
872 2835 1082 2889 licen-llam
1091 2833 1217 2898 Liburna,
1227 2829 1358 2903 expediunt

322 2913 411 2980 Quam
425 2913 531 2985 culpam
542 2915 625 2966 Roma
635 2931 689 2965 non
699 2911 827 2964 ulciscen·
872 2925 898 2966 et
906 2913 1001 2986 agilem
1007 2906 1360 2984 Augustenmclassemlaet'r

321 2989 357 3043 da
367 2993 483 3064 Pompeii
494 3003 577 3043 morte
588 3004 765 3056 contraxerat,
773 2993 827 3042 Au·
872 3007 926 3046 tate
935 2994 1055 3064 inprimis
1063 2992 1170 3044 navium
1177 2991 1272 3042 vicisse
1279 2987 1359 3058 Agrip·

321 3081 414 3140 gnstus
429 3089 552 3142 reparare
563 3071 652 3142 potuit
660 3092 666 3122 ε
674 3069 743 3122 banc
754 3073 827 3140 igno·
871 3089 934 3142 pam
944 3081 1056 3122 constat.
1071 3069 1189 3120 liburna
1200 3081 1288 3120 autem
1296 3075 1360 3116 rostro

322 3149 430 3199 miniani
442 3150 493 3222 ipsi
502 3147 562 3200 urbi
571 3151 669 3201 factam
682 3147 754 3200 nulla
765 3161 827 3200 aetas
872 3151 995 3222 proprie,
1010 3147 1159 3220 cujusmodi
1171 3147 1273 3201 ratibus
1287 3147 1360 3218 pirate

323 3224 453 3278 abolitura
470 3239 535 3276 erat.
552 3227 614 3278 Haeo
631 3225 826 3277 Lachmannus.
873 3229 936 3280 olim
946 3230 987 3280 usi
998 3241 1059 3280 sunt
1072 3225 1191 3279 Liburni.

323 3332 360 3344 —
369 3305 430 3356 Tres
442 3305 485 3355 ubi
497 3305 639 3376 Pompeio,
655 3317 705 3355 cto.
716 3316 768 3354 tres
780 3301 828 3352 nbi
909 3307 952 3374 45.
973 3307 1127 3378 compium.
1148 3302 1277 3356 Velamen
1297 3315 1360 3352 tenue

324 3381 474 3455 triumphos
492 3387 634 3456 Pompeius
654 3383 786 3460 scelerato¹
800 3385 827 3434 in
874 3400 900 3440 et
913 3386 1117 3452 translucidum,
1127 3376 1258 3458 AEfflptiis
1271 3387 1297 3436 in
1308 3399 1361 3442 usu,

323 3463 401 3516 litore
422 3484 483 3517 cum
507 3467 560 3518 vita
588 3467 686 3536 posuit.
712 3467 828 3522 Primum
873 3465 942 3519 lecto
954 3465 1165 3519 circumductum
1177 3463 1302 3518 adversus
1311 3459 1361 3513 culi·

323 3541 488 3614 triumphurn
500 3544 553 3614 egit
563 3545 705 3614 Pompeius
717 3562 829 3614 recupc·
874 3566 928 3609 ces;
937 3545 1019 3620 (Gall.
1031 3565 1082 3598 une
1090 3545 1256 3616 cottst'niere).
1267 3547 1319 3596 Hoc
1327 3541 1363 3610 igi·

271 3635 274 3643 ’
325 3634 382 3672 rata
398 3621 485 3674 Sicilia
498 3634 530 3689 ,et
544 3619 654 3672 subacta
669 3621 772 3682 Africa
785 3639 828 3672 se·
874 3629 1026 3682 turfoedum
1037 3620 1362 3700 tenemiumpeffiissele·

325 3697 461 3765 cundum,
487 3701 614 3770 Hispania
632 3712 753 3770 recepta3
776 3712 829 3750 tcr-
875 3711 1012 3762 minamur
1023 3727 1115 3779 ,Ἥρω
1124 3709 1269 3778 Tarpeiam
1277 3719 1362 3778 preme·

326 3780 404 3845 tium,
417 3779 541 3830 confecto
551 3777 622 3830 bello
632 3780 759 3850 piratico,
768 3791 830 3850 post
874 3802 922 3839 Νι,
935 3787 1087 3858 compium
1096 3787 1226 3838 Horatius
1238 3803 1295 3838 eum
1306 3779 1364 3850 turpi

326 3857 423 3909 vicium
442 3855 630 3908 Mllhsldsslffl'·
650 3858 759 3920 clema
779 3875 828 3928 Pm
873 3865 962 3918 itidem
972 3865 1123 3938 spadonum
1133 3867 1252 3918 exercitu
1261 3863 1363 3915 nominat

325 3944 426 4012 Ealbo,
444 3945 483 4012 42
507 3969 519 3992 a
530 3933 576 4018 qui
597 3945 772 4018 (Pompeius)
789 3959 829 3998 tot
875 3945 1364 4018 epodd.ltt,16.-Sramastnteretar

327 4023 409 4078 habet
429 4025 593 4098 triumphos,
613 4041 678 4100 quot
699 4045 751 4080 orae
770 4040 830 4079 sunt
874 4022 1364 4098 murmurium.syltadnjeeeru,

326 4116 468 4175 partesque
478 4118 615 4160 terrarum.
627 4131 637 4156 ι
650 4137 685 4148 -
693 4109 776 4161 Issent
785 4105 832 4159 tibi
875 4105 960 4158 Caesar
971 4105 1086 4158 restituit
1097 4116 1122 4156 et
1133 4103 1225 4156 intulit
1236 4097 1364 4174 Capitolin-
