2810 4978
323 425 391 496 ψ
618 405 883 472 ruoruu‘ru
907 406 998 472 uus.
1026 408 1074 470 11.

367 532 475 603 Crede
487 533 589 618 mihi,
601 534 699 603 nobis
711 537 865 603 mitescet
874 533 1003 628 Scylla,
1015 558 1080 604 uec
1093 559 1237 632 usquam

412 642 609 712 Alternunte
620 667 742 712 vomns
755 659 849 712 vasta
859 643 1050 738 Charybdis
1063 670 1169 741 equa,

368 759 513 849 Ipsaque
525 753 636 821 sideru
647 767 749 822 erunt
761 753 865 822 nullis
877 753 1023 824 obscura
1033 755 1200 842 tenebris3
1336 771 1364 825 55

414 869 522 932 Purus
534 877 568 932 et
580 867 700 947 Orion,
712 888 821 958 purus
837 881 871 932 et
886 864 1010 934 Haedus
1023 871 1097 934 erit.

365 974 466 1062 Quod
479 974 559 1042 mihi
571 977 600 1042 si
611 975 770 1068 ponende
781 993 840 1044 tuo
852 979 895 1044 sit
906 1000 1048 1070 corpore
1060 979 1145 1060 vita,

411 1090 529 1156 Exitus
541 1087 596 1156 hie
610 1086 708 1156 nobis
721 1112 792 1156 nou
802 1088 1003 1158 inhonestus
1014 1093 1092 1159 erit.

318 1255 392 1307 fluite
409 1252 502 1306 eedem
517 1255 603 1306 forms
618 1270 730 1327 puemm
744 1255 823 1306 istum
867 1253 945 1308 nobis
958 1257 1078 1308 mitescet
1089 1254 1190 1329 Scylla,
1201 1275 1252 1308 nee
1265 1275 1364 1330 tssquuur

318 1331 371 1386 diui
380 1331 493 1384 vidimus
505 1334 532 1399 1,
544 1333 574 1398 6,
591 1332 632 1384 23.
866 1335 1023 1388 Altemunte
1033 1355 1128 1390 wreus
1142 1351 1213 1390 vesta
1227 1337 1364 1411 Chsrybdis

354 1409 398 1463 53.
410 1411 466 1462 Nec
476 1419 598 1482 usquam,
611 1424 662 1462 ete.
675 1411 823 1464 Probarunt
866 1433 953 1490 uque,
968 1419 1083 1488 ipseque
1099 1416 1183 1469 sideru
1202 1431 1280 1470 eruut
1293 1417 1363 1469 nullis

317 1503 426 1542 auctore
436 1491 582 1542 Pesserstlo
591 1493 639 1542 viri
648 1489 720 1542 docti
730 1492 822 1544 lectio·
867 1493 981 1546 obscura
997 1495 1122 1548 tenebris.
1133 1517 1145 1543 ι
1162 1497 1284 1548 Miteseet
1296 1495 1365 1548 nobis

317 1587 395 1636 uem,
407 1587 439 1621 ex
449 1569 531 1621 slteru
541 1569 643 1624 Codice
653 1583 746 1642 postes
760 1589 823 1623 suo·
867 1571 967 1645 Scylla,
981 1576 1082 1647 iuquit,
1099 1587 1127 1626 et
1146 1593 1280 1646 nusquam
1295 1575 1364 1628 uoltis

316 1661 400 1701 tetum
415 1647 506 1700 hane:
527 1647 635 1702 «Crede
648 1649 727 1716 mihi,
742 1649 821 1702 uobis
865 1653 1013 1725 Charybdis
1029 1655 1093 1721 erit,
1112 1656 1190 1724 cujus
1208 1653 1280 1707 unda
1300 1665 1365 1706 rurst

315 1729 435 1781 mitescet
450 1727 553 1801 Scylla,
567 1745 616 1780 nee
630 1745 758 1800 umquem
773 1727 821 1780 At·
865 1731 1008 1785 alternans.
1028 1735 1066 1785 Ex
1082 1743 1175 1800 emat,
1193 1733 1268 1806 quod
1284 1736 1364 1806 sequi·

316 1815 401 1860 ternus
429 1817 545 1860 revomet
572 1821 647 1860 veste
675 1806 822 1880 Charybdis
868 1825 925 1877 tur,
936 1811 1116 1883 supplendum
1126 1812 1170 1865 ltiu
1181 1815 1363 1868 substantivum

315 1906 406 1960 aquus.
417 1911 428 1934 ιι
441 1889 471 1938 ln
482 1887 576 1960 quibus
588 1889 703 1958 primum
714 1901 739 1938 et
748 1903 823 1959 sper·
867 1890 984 1942 verbum.
992 1893 1220 1965 -Neeusqum
1231 1893 1365 1945 lachman-

316 1979 373 2020 tum
382 1969 474 2020 vitium
486 1965 553 2020 illud
561 1980 615 2032 est,
628 1965 701 2040 quod
710 1965 776 2018 nihil
788 1967 822 2019 ad
867 1985 917 2019 nus
939 1985 1023 2042 neque
1047 1987 1166 2043 uuquam.
1191 1970 1259 2022 Vide
1284 1983 1364 2024 sruuts

316 2065 423 2100 sensum
444 2047 525 2113 lucit,
547 2047 706 2104 si‚revomut
721 2063 771 2099 nee
787 2065 821 2098 ne
866 2047 918 2112 w,
933 2046 963 2114 5,
979 2049 1022 2100 50.

315 2123 464 2198 Charybdis
478 2143 561 2197 eques
570 2141 641 2178 sues.
654 2123 706 2176 Sed
717 2141 768 2176 nee
783 2139 824 2175 re-
903 2123 946 2196 67.
966 2126 1023 2178 Tuo
1032 2143 1152 2198 corpore,
1173 2139 1222 2180 tuo
1236 2145 1297 2179 eun
1311 2145 1364 2180 eur·

316 2225 419 2260 voment
441 2203 556 2258 alternus
573 2223 654 2278 aquas
676 2205 739 2257 setis
759 2217 822 2276 epte
866 2220 948 2277 peter
960 2207 987 2260 Sl
1001 2219 1027 2258 ts
1041 2209 1173 2260 moriente
1182 2211 1237 2261 vitu
1247 2209 1309 2261 milri
1320 2227 1364 2282 po·

316 2283 434 2340 dictum:
448 2287 530 2337 vomit
540 2303 822 2358 uquasvoragoresor·
866 2283 953 2336 ueutls
969 2287 1019 2352 sit,
1033 2288 1099 2338 estis
1117 2283 1180 2338 milri
1198 2285 1310 2340 decom
1326 2287 1363 2338 liic

315 2361 431 2436 ltetque,
448 2381 503 2415 non
515 2361 630 2417 alternas
645 2382 689 2416 ese
701 2366 821 2416 revomit.
867 2363 918 2416 erlt
936 2365 1030 2415 exitus.
1045 2363 1147 2416 lisdem
1173 2366 1261 2417 ferme
1280 2368 1317 2432 ll,
1334 2382 1362 2434 9,

314 2443 436 2498 Mutetur
450 2461 510 2496 curn
522 2441 693 2495 Lachmanno
704 2443 822 2496 vocabu·
866 2443 897 2496 5¹
907 2481 915 2508 ‚
927 2442 974 2496 ubi
983 2443 1092 2496 rivalem
1101 2445 1201 2496 Noster
1210 2445 1361 2516 sdluqueusr

314 2525 369 2577 lum
384 2544 511 2598 umquam
527 2527 555 2577 in
568 2541 691 2598 usquam,
707 2537 733 2576 et
747 2523 821 2596 quod
868 2521 971 2588 uQuod
990 2520 1055 2574 mihi
1074 2525 1095 2575 si
1113 2523 1203 2576 media
1224 2525 1304 2578 limat
1319 2543 1362 2596 pu·

315 2603 413 2657 hebent
426 2605 516 2676 scripti
528 2602 588 2655 libri
602 2621 693 2654 omnes
705 2602 821 2655 servabl-
865 2619 947 2673 gnere
960 2601 1065 2673 puelle,
1076 2604 1190 2657 Mortem
1205 2624 1256 2678 ego
1268 2605 1362 2658 unul«-

315 2701 373 2737 ruus
384 2685 515 2737 sententis
524 2696 595 2735 recta
605 2703 636 2743 πμ
646 2679 731 2733 Crede
742 2679 821 2749 milri,
865 2683 936 2751 ῦίιιιι
947 2691 1030 2734 merto
1041 2681 1131 2736 subire
1141 2693 1195 2736 tua.
1206 2707 1218 2733 ι

721 2859 959 2882 mmmm

555 2993 878 3062 lMlTATlONES
901 2994 1149 3061 GtLutCAE:

350 3167 374 3205 t.
389 3151 451 3206 Vidi
462 3159 490 3202 te
496 3151 526 3202 t'n
537 3149 650 3214 somnis,
662 3159 713 3200 ete.
726 3145 807 3218 Apud
821 3147 973 3214 nouum,
982 3146 1118 3200 Nouuelle
1128 3147 1249 3214 Heluiis,
1265 3147 1297 3200 V*
1306 3164 1358 3218 pur·

313 3234 364 3298 tie,
380 3231 454 3283 lettre
465 3248 498 3301 9,
510 3229 599 3282 dirum
613 3227 744 3299 ejusmodi
755 3229 887 3279 somnium
901 3239 1006 3278 snurm
1019 3227 1216 3295 Suiut-Preux‚
1233 3229 1280 3282 sed
1292 3229 1357 3297 cujus

313 3311 420 3385 quidem
435 3323 537 3382 quanto
555 3310 702 3378 magistros
718 3307 800 3358 verbe
815 3311 997 3358 commovent!
1014 3309 1081 3359 Ecce
1096 3307 1165 3361 tilii:
1184 3311 1237 3362 «Je
1250 3325 1290 3362 me
1301 3324 1357 3358 cuu-

314 3390 398 3444 schsi
411 3389 477 3443 (lans
493 3407 536 3441 ces
554 3389 642 3440 tristes
658 3387 739 3439 itle‘es.
755 3385 825 3438 Elles
843 3406 886 3438 use
899 3388 1026 3439 suirireut
1037 3385 1137 3438 durent
1152 3407 1217 3441 meu
1233 3383 1355 3446 sommeil,

313 3486 363 3524 set
378 3471 403 3525 le
414 3471 569 3542 rsmplirent
583 3467 707 3540 sl'iruuges
721 3467 855 3520 funebres.
870 3469 920 3520 Les
933 3471 1034 3520 emeres
1043 3467 1186 3535 douleurs,
1204 3468 1243 3522 les
1253 3480 1355 3539 regestu,

313 3551 359 3605 sla
374 3565 459 3616 mort,
476 3569 504 3602 se
516 3551 666 3621 puignirent
678 3547 745 3600 dsus
757 3565 812 3600 rues
823 3563 936 3618 unges,
952 3561 979 3600 et
989 3561 1051 3600 tous
1063 3547 1103 3604 les
1112 3565 1194 3601 mauu
1208 3567 1263 3621 que
1274 3545 1355 3619 j'sssit

312 3630 461 3683 “sufferes
479 3629 648 3700 reprensient
667 3629 681 3678 lt
703 3643 758 3678 mes
775 3641 842 3699 yetus
858 3639 920 3678 seut
940 3627 1040 3678 lomes
1058 3625 1210 3694 nouvelles,
1232 3645 1301 3700 pour
1319 3641 1355 3676 use

311 3733 324 3757 ι
334 3721 499 3761 tourmeuter
509 3725 562 3760 uns
574 3705 691 3760 secunde
705 3707 766 3758 lois.
780 3707 823 3757 Uu
837 3709 1027 3772 revestierunt,
1040 3706 1065 3760 le
1075 3707 1138 3779 plus
1150 3707 1225 3760 smel
1238 3706 1273 3760 de
1288 3721 1354 3766 tues,

311 3787 482 3844 «s'obstineit
492 3787 508 3838 t
520 3805 562 3838 me
576 3789 750 3860 poursuivre3
761 3798 804 3852 et,
819 3785 853 3838 de
863 3785 983 3838 tantuma
997 3803 1031 3838 eu
1040 3787 1175 3856 tauteus,
1190 3801 1279 3840 tontes
1290 3785 1353 3837 leun

310 3893 322 3917 ι
333 3871 500 3942 apparitione
509 3869 634 3921 confsrses
647 3868 792 3920 linissuleut
803 3869 927 3936 toujuuts
938 3885 988 3939 par
997 3867 1117 3920 celui-ll.

347 3975 358 3997 ι
367 3951 399 4003 le
411 3967 470 4002 crus
484 3951 541 4002 uuir
551 3950 578 4002 ls
590 3947 669 4022 digne
682 3951 752 4001 mere
766 3947 801 3999 ‹le
814 3965 887 4000 votre
900 3947 967 4000 timis
980 3947 1046 4001 dens
1063 3967 1111 4001 eon
1124 3949 1155 4002 lit
1169 3950 1317 4020 expirante,
1330 3955 1351 3994 et

286 4055 287 4059 =
312 4047 362 4082 asa
378 4029 430 4081 lille
444 4032 459 4081 sl
472 4044 578 4102 genuus
591 4031 689 4082 devant
706 4027 772 4095 elle,
783 4027 898 4084 fundunt
912 4028 1068 4096 eulenues,
1083 4028 1190 4082 hainaut
1202 4047 1247 4081 ses
1261 4026 1350 4083 maius,
1383 4085 1385 4090 ι

312 4121 360 4162 net
375 4109 530 4162 recueillsnt
541 4129 582 4162 ses
594 4109 711 4162 denriers
725 4110 838 4181 soupl‘rs.
850 4111 882 4162 le
894 4111 962 4168 sevis
975 4103 1045 4162 cette
1056 4111 1138 4170 meus
1152 4125 1205 4179 que
1218 4123 1286 4160 vous
1295 4102 1350 4154 u't·
1383 4135 1385 4140 ,
