2940 4974
361 475 452 538 rau
477 473 634 542 anuos
658 473 872 542 ntoasua.
930 497 932 500 ·
1106 499 1149 565 29

110 603 231 668 carmina
244 599 394 684 pleraque
407 599 629 662 contineantur
640 599 724 658 intra
738 599 877 682 spatium
893 617 1053 660 annorum
1065 601 1103 660 U.
1114 601 1149 660 C.
1226 595 1227 599 ’

113 695 268 780 'pin-739,
285 696 412 757 videtur
424 695 604 778 Propertius
618 693 796 777 paulopost
808 707 948 756 mortuus
962 715 1044 772 esse,
1058 695 1151 758 adeo·

115 796 348 876 queratiumam
359 790 503 876 Cynthia
517 793 637 853 exitum
651 790 795 854 habuisse
806 793 859 868 lv,
876 813 906 876 7,
920 793 976 874 93:

282 988 602 1052 liuneteposaideantalia:
613 987 837 1046 mussolatenabos

314 1063 411 1110 liscum
420 1061 599 1120 eris,etntixtis
607 1059 700 1108 ossibus
708 1075 762 1108 ossa
769 1071 852 1108 terant.
986 1069 989 1078 ⁴

114 1219 236 1303 Namque
245 1221 271 1282 si
283 1223 465 1304 Propertius
474 1219 577 1282 adbuc
586 1220 708 1294 {ixisset
718 1239 802 1280 anno
813 1231 974 1302 sequente,
988 1219 1150 1280 victoriam

111 1316 190 1380 Drusi
208 1318 246 1378 de
261 1315 378 1380 llhaetis
395 1329 607 1400 reportatam,
631 1316 672 1377 ab
693 1316 824 1378 Horatio
837 1329 903 1376 tam
919 1311 1086 1398 magnifico
1102 1316 1151 1378 lu·

111 1413 281 1498 culentoque
298 1415 437 1476 carmine
453 1415 527 1496 (tv,
545 1409 580 1493 lq)
598 1413 802 1490 celebratam,
822 1413 945 1474 silentio
964 1415 1152 1496 praetermis·
1205 1448 1208 1454 ·

109 1530 181 1572 suus
194 1532 258 1572 nou
275 1511 400 1586 fuisset3
412 1513 473 1574 nisi
484 1524 591 1572 tamur
605 1511 728 1596 aliquot
744 1511 871 1573 mnasse
884 1512 1023 1572 carmina
1038 1497 1072 1571 in
1088 1509 1153 1572 fine

107 1609 216 1672 Codicis
226 1609 310 1672 illius
322 1610 429 1672 detriti
441 1623 534 1694 atque
542 1611 672 1689 corrosi,
682 1609 738 1692 qui
749 1612 782 1670 in
790 1609 867 1672 cella
877 1611 999 1670 vinaria
1005 1611 1153 1672 inventus

105 1705 172 1785 fnit,
187 1709 419 1792 longinquitate
432 1711 579 1793 temporis
592 1709 760 1794 perierunt.
775 1709 852 1787 Quae
868 1709 893 1768 si
905 1705 983 1768 falsa
996 1721 1041 1768 est
1053 1711 1153 1790 suspi-

104 1805 157 1882 cio,
171 1805 306 1867 libenter
325 1806 471 1889 equidem
489 1807 649 1868 subscribo
668 1805 826 1868 sententiae
848 1805 1007 1881 Massoni,
1032 1805 1067 1864 in
1087 1806 1151 1865 Vit.

105 1903 199 1966 Ovidii
211 1907 247 1967 A.
263 1905 302 1967 U.
322 1905 382 1990 739
395 1905 574 1968 scribentis:
594 1907 787 1982 «Ceterum,
800 1902 1058 1986 qtundoquidem
1079 1905 1154 1964 Pro-

104 2003 208 2082 pertius
219 2022 306 2062 anno
321 2004 478 2085 praeterito
491 2015 697 2086 postremum,
713 2001 799 2084 quod
817 2002 852 2061 in
864 1999 929 2083 ejus
943 2000 1091 2084 operibus
1103 2021 1154 2062 oc-

104 2099 202 2172 currit,
215 2119 346 2160 carmen
356 2099 505 2177 exaravit,
520 2113 556 2160 ut
569 2099 603 2160 in
612 2097 678 2181 ejus
688 2101 761 2160 Vita
774 2098 1154 2175 fusius'demonstramus‚
1196 2179 1200 2187 ι

105 2217 152 2260 uec
160 2195 250 2258 aliud
273 2211 332 2274 est,
348 2197 435 2282 quod
452 2198 492 2260 ad
509 2197 728 2281 subsequentes
743 2218 842 2260 annos
861 2197 974 2259 referre
987 2219 1043 2281 per
1055 2211 1153 2258 certas

14 2332 15 2338 κ
104 2293 243 2375 temporis
264 2307 357 2355 notas
373 2293 476 2369 beent,
493 2293 568 2356 binc
588 2291 654 2376 ejus
676 2295 798 2356 obitum
818 2293 948 2356 ulterius
965 2293 1153 2378 protraheu·
1272 2334 1277 2345 .

106 2389 185 2469 dum,
197 2413 402 2474 nequaquam
413 2393 620 2468 arbitramur3
633 2395 783 2470 maxime,
796 2413 897 2478 quum
907 2391 1155 2456 constetbuncce

106 2504 219 2570 poetam
228 2488 299 2572 jam
316 2503 389 2550 aute
403 2489 519 2552 editam
531 2487 636 2552 Artem
654 2484 847 2552 Amatoriam
861 2490 1054 2552 decessissem
1071 2491 1154 2551 Hinc

107 2585 190 2668 igitur
210 2598 299 2670 patet
320 2587 518 2670 Propertium
547 2584 717 2650 admodum
742 2583 893 2669 juvenem
922 2609 985 2649 esse
1008 2601 1153 2672 raptum,

107 2687 147 2745 cui
163 2689 207 2746 rei
218 2683 359 2747 uindicio
370 2705 495 2768 quoque
506 2685 626 2748 fuerint
636 2697 684 2748 tot
698 2707 733 2748 ac
746 2698 834 2748 tanta
847 2699 947 2768 poetas
961 2685 1056 2769 ipsius
1069 2687 1154 2747 testi-
1271 2717 1275 2724 ·

108 2784 222 2860 monia,
239 2782 357 2864 quibtu
373 2795 409 2843 ut
423 2781 614 2844 viridissimo
633 2781 710 2844 flore
725 2781 863 2867 ephebus
874 2785 1008 2867 passim,
1021 2803 1058 2845 ac
1071 2781 1156 2844 velut

108 2880 136 2940 in
156 2881 267 2964 primis
289 2879 393 2943 adbuc
417 2880 478 2943 illis
499 2881 712 2944 adolescentiae
727 2882 827 2961 fretis,
840 2904 859 2943 a
882 2903 914 2944 se
932 2882 1154 2965 depingitur3n

20 3004 21 3028 ι
108 2979 183 3058 (qua
196 2991 273 3040 sunt
289 2977 384 3038 verba
404 2979 432 3038 J.
455 2980 566 3040 Dousae
591 2980 624 3039 in
643 2977 752 3041 Sched.
772 2979 912 3059 succid.).
928 2979 1020 3059 Quod
1037 2981 1064 3040 si
1083 3000 1155 3040 vero

20 3105 21 3112 ¹
108 3095 156 3157 pro
175 3091 263 3138 certo
286 3078 385 3138 teneri
414 3089 529 3159 potest,
554 3098 681 3138 carmen
705 3077 823 3138 Tibulli
850 3079 1006 3160 primum,
1030 3075 1154 3138 secund.

17 3228 18 3246 ,
108 3175 332 3256 Aprmannum,
350 3175 484 3236 incidere
495 3179 528 3235 in
540 3175 574 3235 A.
585 3177 623 3235 U.
637 3174 711 3257 723,
726 3195 789 3258 quo
800 3195 886 3235 anno
906 3173 1035 3234 Messala
1050 3173 1157 3234 consul

108 3268 159 3332 init
167 3269 268 3354 (quod
280 3269 442 3332 heroicum
452 3291 577 3334 carmen
589 3280 668 3348 est),
678 3285 707 3333 et
719 3291 802 3355 seqq.
814 3271 942 3332 demum
953 3271 1045 3334 annis
1059 3291 1158 3354 usque

108 3365 184 3430 adA.
198 3371 238 3430 U.
254 3389 314 3452 7²7
332 3365 446 3450 elegias
466 3369 583 3452 passim
600 3371 788 3453 compositas
811 3369 852 3429 ab
872 3368 983 3430 eodem
1006 3367 1116 3445 fuisse,
1140 3389 1157 3430 e

109 3481 201 3526 nostra
221 3487 381 3526 annorum
399 3467 637 3549 computatione
655 3465 749 3527 simul
770 3465 945 3550 adparebit,
965 3486 1065 3548 quum
1082 3467 1177 3532 Pro·¹

111 3565 188 3642 petii
202 3561 429 3645 Grnrnra'jam
448 3569 483 3626 A.
502 3567 541 3625 U.
562 3560 623 3648 724
643 3565 724 3626 edita
740 3577 771 3626 et
785 3578 852 3627 toto
869 3563 937 3626 loro
950 3565 1029 3626 lecta
1046 3563 1157 3643 fuerit,

111 3658 246 3720 llostrum
257 3681 323 3722 non
335 3657 452 3742 injuria
463 3673 626 3743 tamquam
636 3662 814 3744 primumse
820 3663 990 3745 jactitasse,
1002 3661 1057 3744 qui
1065 3662 1157 3745 elegis

16 3838 17 3841 Ἴ
112 3757 144 3816 ad
162 3758 344 3820 Graecorum
368 3757 544 3842 exemplum
565 3759 734 3820 scribendis
748 3779 878 3842 operam
896 3756 1019 3818 dederit
1031 3759 1107 3838 (111,
1125 3779 1159 3836 1,

17 3854 19 3879 '
114 3851 217 3932 3-4),
234 3866 334 3938 poetae
356 3851 477 3914 fimum
500 3855 696 3937 cumprimis
720 3853 886 3930 affectans,
911 3852 994 3936 quod
1015 3853 1159 3914 Tibullus

116 3965 168 4008 non
181 3947 285 4012 fecisse
297 3947 421 4010 videtur
440 3948 496 4029 (cf.
516 3951 618 4032 Heyn.
639 3947 763 4010 Praefat.
787 3949 827 4010 ad
846 3948 990 4029 'fibulis
1008 3947 1159 4029 l);unde

117 4039 224 4108 husae
252 4049 352 4108 etiam
378 4065 480 4127 neque
507 4046 657 4128 Augusti,
687 4065 789 4128 neque
815 4047 993 4108 Maeccnmis
1019 4045 1159 4107 favorem
1218 4073 1222 4083 ¹

116 4147 240 4224 captarit
255 4147 325 4219 Sic,
357 4155 392 4203 ut
413 4141 475 4204 hoc
496 4143 629 4221 addam,
653 4143 708 4206 diu
731 4157 804 4206 aute
824 4145 972 4228 AEsopuur
993 4142 1100 4204 fabula
1120 4142 1159 4202 ab
