2940 4974
291 460 328 501 12
610 438 872 504 PROPERTil
900 439 1014 505 vitu

285 577 419 646 spretam
426 563 505 645 juris
517 564 676 624 scientiam
686 585 704 622 a
715 563 828 626 Nostro
841 564 1036 641 subindicat,
1047 565 1169 648 forique
1178 570 1334 630 meminit.

195 679 199 686 ·
286 662 343 723 Cui
357 661 508 744 Propertii
520 675 593 722 oetas
610 661 753 722 nondum
772 673 845 746 apta
861 663 934 724 satis
953 663 1119 746 pangendo
1138 666 1270 728 carmini
1286 667 1335 726 vi·

285 757 388 836 detur,
403 761 429 818 ia
443 755 537 818 veiim
549 759 679 839 cogitet,
696 757 844 818 Ovidium
862 780 987 841 quoque
1001 759 1173 822 admodum
1184 761 1333 842 juvenem

190 855 193 861 ’
285 857 423 918 carmina
431 877 487 918 sua
496 857 634 917 recitasse
645 855 777 939 publice,
788 857 866 918 sicut
878 858 943 939 ipse
952 858 1037 918 canit
1049 858 1138 920 Trist.
1151 861 1204 936 lv,
1220 881 1268 936 ιο,
1279 859 1333 922 55:

471 1011 548 1072 thue
561 1025 605 1072 ego
614 1011 726 1071 majorca,
736 1011 769 1056 ric
777 1025 816 1056 me
827 1009 919 1057 coluere
927 1011 1041 1067 minoren
1129 1016 1133 1022 “

503 1080 610 1144 Notaque
619 1096 666 1128 non
675 1079 740 1127 tarde
749 1079 810 1129 iectu
818 1081 899 1128 Thalia
908 1097 961 1128 mee
969 1093 1011 1129 eet.

471 1152 579 1198 Carmina
588 1167 661 1214 quum
670 1153 773 1216 primum
780 1151 871 1216 populo
876 1151 990 1215 juvenilia
997 1152 1055 1217 legi,

502 1217 577 1268 barba
585 1234 673 1270 reiecta
682 1222 740 1270 mibi
747 1223 812 1270 bisve
822 1221 923 1270 remelve
931 1222 983 1270 fuit.

535 1343 540 1351 ⁸
607 1355 638 1406 A.
654 1353 687 1405 U.
700 1353 729 1406 C.
743 1369 791 1422 721
804 1373 811 1416 ;
825 1353 956 1424 Propertii
971 1369 1014 1406 ao.

453 1433 540 1484 Cesar
550 1431 713 1485 Octauianus
724 1433 764 1494 11;
776 1430 913 1486 Volcatius
926 1431 1037 1501 Tullus,
1050 1433 1080 1486 L.
1092 1431 1169 1486 iilius.

328 1589 414 1649 Circa
438 1585 499 1650 boc
519 1601 641 1672 tempus
665 1592 800 1672 lycium
822 1589 965 1672 quaedam
989 1592 1185 1674 Propertium
1208 1593 1337 1656 Veneris

288 1687 379 1746 sacris
392 1688 514 1764 initiat,
524 1689 565 1747 ita
579 1702 701 1763 tamen,
710 1701 746 1748 ut
755 1689 819 1770 ipse
829 1709 898 1748 non
909 1701 975 1748 tam
986 1701 1082 1765 amet,
1093 1711 1187 1771 quam
1199 1702 1335 1752 ametur:

287 1782 371 1844 unde
382 1781 452 1864 jure
463 1781 520 1846 sub
535 1785 573 1845 de
585 1783 733 1868 Cynthia,
747 1799 948 1867 posteaquam
960 1787 1072 1846 amoris
1079 1787 1258 1865 tirocinium
1269 1785 1338 1870 jam

289 1895 451 1960 posuerat,
466 1883 496 1958 1,
515 1904 547 1959 r,
569 1904 599 1942 r:

474 2048 571 2110 optutu
577 2054 651 2115 prima
659 2053 707 2096 cuir
715 2051 826 2094 muer-um
836 2045 1034 2111 incoeptionem,

505 2122 643 2170 Contacm
654 2119 725 2168 nullia
734 2131 788 2165 ante
797 2118 953 2180 cupidinibus.

289 2233 513 2310 Et1‚12,aoz

507 2343 919 2442 cynaupmfiemyimarno
928 2373 989 2423 erre·

283 2499 335 2560 'De
346 2502 493 2583 Lycinnae
504 2515 608 2564 autem
621 2505 783 2565 conatibus
795 2501 954 2564 irretiendi
967 2501 1129 2578 Nostrum,
1139 2499 1204 2583 ipae
1212 2501 1271 2578 ΙΙΙ,
1286 2503 1339 2574 15,

291 2597 327 2671 53
341 2619 436 2679 quam
450 2599 579 2680 elegiam
592 2599 733 2682 equidem
748 2599 797 2660 vel
813 2599 949 2658 maxime
961 2603 1122 2677 temquam
1136 2594 1226 2656 filum
1240 2595 1341 2677 quod-

289 2691 364 2753 dam
376 2693 565 2754 Ariadneum
579 2696 612 2756 in
627 2693 844 2778 computandis
855 2695 947 2754 annis
961 2693 1114 2774 Propertii
1127 2712 1248 2774 aequor.
1262 2691 1341 2754 lnde

290 2791 393 2868 enim,
412 2793 539 2854 nisime
558 2793 662 2853 omnia
684 2791 814 2865 faliunt,
835 2789 999 2851 manifesto
1021 2801 1124 2872 patet,
1144 2789 1340 2871 Propertium

290 2887 394 2945 statim
408 2907 427 2946 a
438 2901 539 2948 sumta
551 2887 634 2947 virili
648 2903 721 2970 toga
732 2880 766 2947 in
777 2888 927 2970 Lycinna
939 2886 1095 2947 amoribus
1105 2906 1270 2967 perunum
1285 2898 1342 2946 aut

290 2981 424 3044 aiterum
438 3005 559 3046 annum
575 3000 730 3046 versatum
743 3005 821 3062 esse,
842 2983 928 3067 quod
948 2997 979 3044 et
997 2984 1169 3044 Passeratio
1186 2982 1225 3042 ad
1244 2985 1340 3042 istum

291 3077 393 3140 locum
405 3077 591 3143 ita'videtur.
605 3081 662 3142 Sed
673 3095 780 3165 captus
794 3093 863 3164 post
875 3103 893 3140 a
902 3078 1154 3162 CynthiaNoster
1165 3079 1340 3162 Lycinnam
1391 3097 1395 3103 ·

292 3175 418 3254 deserit,
438 3191 487 3258 et,
508 3201 606 3262 quum
626 3181 757 3262 elegiam
783 3179 817 3238 15
844 3178 899 3238 lib.
921 3178 965 3238 111
986 3176 1147 3253 scriberet,
1168 3197 1223 3260 per
1244 3178 1340 3237 trien-

292 3275 382 3336 nium
399 3275 462 3338 fere
475 3297 546 3338 cum
558 3276 692 3361 Cynthia
704 3291 923 3352 consueverat,
937 3275 1015 3336 sicut
1029 3276 1094 3358 ipse
1105 3275 1188 3336 canit
1199 3295 1241 3336 vs.
1255 3294 1292 3356 7:

450 3423 550 3477 Tertius,
559 3420 623 3468 baud
632 3421 706 3468 multo
716 3421 792 3468 minue
801 3431 848 3478 ert,
858 3435 931 3482 quum
939 3420 1030 3466 ducimr
1036 3433 1126 3466 mnus:

477 3493 522 3540 Vix
529 3495 625 3539 memini
634 3493 700 3539 nobie
710 3491 781 3554 (mihi
790 3503 812 3540 et
822 3491 941 3552 Ιῃσὺιηω)
953 3489 1025 3538 verba
1035 3492 1109 3537 coitu
1119 3489 1208 3536 decem.

448 3566 536 3612 Cuncta
545 3576 599 3610 ruue
609 3563 715 3627 sepelivit
724 3579 802 3620 amor;
815 3579 859 3610 nec
867 3562 954 3609 femina
962 3573 1015 3625 poet
1024 3573 1047 3608 te

478 3632 533 3680 Ulia
542 3633 607 3682 dedit
615 3634 678 3682 colio
689 3634 767 3682 dulcia
775 3634 852 3682 vincla
861 3649 922 3681 meo.

212 3761 217 3772 '
293 3761 363 3820 Jam
374 3761 398 3820 ei
409 3763 583 3844 Pmpertius
597 3765 737 3846 quinque
750 3783 851 3824 annos
863 3761 966 3823 serviit
977 3759 1135 3842 Cynthiae,
1149 3771 1185 3820 ut
1198 3758 1340 3840 ipsein,

295 3859 348 3933 25,
365 3860 398 3936 3,
412 3862 511 3937 canit,

481 4015 585 4078 Quinque
594 4017 635 4064 tibi
645 4019 709 4078 potui
719 4017 804 4063 servire
812 4013 912 4062 iideiitcr
920 4027 1004 4068 amos,

1354 417 1370 451 ι’
