2870 4968
321 479 832 608 reuertitur

166 751 436 902 LIBER
481 749 1027 913 SECUNDUS.

422 1225 672 1323 ELEGIA
703 1231 739 1324 1.

370 1441 434 1504 nu
457 1437 784 1504 uncuunruu

533 1667 638 1683 ἡ

435 1821 438 1828 ’
473 1837 696 1875 snouurururr.

125 1941 300 2021 Mirantibus,
315 1964 370 2005 cur
384 1943 606 2021 indesinenter,
622 1966 721 2028 quum
733 1945 853 2022 scribit,
866 1947 994 2008 Veneris
1008 1948 1114 2031 laudes

94 2053 198 2120 repetat,
207 2063 268 2103 non
279 2042 318 2102 ab
332 2041 479 2125 Apolline
491 2043 629 2124 accipere
640 2063 672 2102 se
681 2043 862 2125 ingenium,
878 2043 930 2105 sed
944 2067 963 2104 a
979 2045 1115 2128 Cynthia

92 2153 135 2194 sua
148 2139 308 2221 Propertius
320 2139 494 2222 respondet.
508 2138 603 2216 Quod
612 2141 637 2200 si
650 2153 752 2222 posset
767 2141 882 2222 magis,
895 2141 976 2202 etad
991 2141 1114 2203 heroica
1206 2191 1209 2196 .

92 2232 151 2293 viret
163 2233 344 2310 sufficerent,
360 2249 482 2318 partam
497 2235 610 2324 Caesari
625 2235 761 2318 gloriam
774 2235 874 2311 bello,
893 2222 939 2297 tot
952 2239 1114 2314 victorias,

90 2337 125 2387 tot
136 2343 207 2392 actos
218 2330 410 2418 triumphos,
429 2333 463 2392 in
481 2332 579 2414 iisque
593 2351 714 2414 semper
730 2333 906 2393 Maecenatis
919 2335 1116 2416 conspicien·
1234 2391 1239 2402 ‚

88 2422 248 2505 tantidem,
263 2431 365 2511 prima
379 2442 409 2489 et
424 2429 518 2490 unica
531 2427 639 2490 futura
654 2428 712 2489 sibi
727 2449 790 2490 esse
806 2443 988 2511 argumente
1002 2433 1115 2492 carmi-

88 2523 231 2586 devetari
243 2525 319 2586 talia
331 2539 397 2587 tem
413 2528 525 2608 exiguo
534 2527 650 2610 pectori
662 2550 669 2586 ε
680 2539 793 2586 natum
805 2546 854 2602 se,
870 2549 963 2608 quem
979 2527 1117 2588 habeant

88 2636 198 2684 mantes
215 2637 362 2706 poetam
382 2623 416 2683 in
433 2623 495 2684 hoo
508 2623 645 2706 reputari
660 2623 718 2683 sibi
735 2622 860 2684 laudem
876 2627 1025 2706 positam,
1040 2639 1075 2686 ut
1087 2639 1117 2686 et

87 2739 198 2783 :nemus
213 2735 243 2783 et
262 2721 480 2796 redamemur3
499 2743 624 2783 causam
639 2721 697 2782 sibi
713 2723 823 2782 mortis
837 2722 904 2784 fore
922 2724 1016 2785 serius
1032 2725 1116 2784 ocius

85 2817 195 2896 puellam
208 2839 306 2880 suem.

530 2968 642 2987 *ο

122 3071 311 3212 Qmms,
330 3104 423 3174 unde
436 3104 518 3172 mihi
532 3106 629 3172 toties
645 3103 835 3172 scribantur
848 3126 998 3186 amores,

158 3216 252 3284 Unde
265 3211 364 3284 meus
378 3215 491 3283 veniat
503 3211 614 3281 mollis
627 3215 662 3280 in
676 3236 735 3280 ora
748 3211 845 3279 liber.
868 3221 869 3224 ’

123 3328 187 3393 lion
196 3326 269 3396 haec
279 3326 445 3420 Calliope,
459 3349 528 3393 non
542 3323 615 3392 haec
625 3321 709 3390 mihi
720 3337 833 3391 cantat
846 3320 965 3416 Apollo
977 3348 984 3387 :

162 3441 331 3532 Ingenium
345 3437 444 3509 nobis
459 3440 532 3532 ipsa
545 3435 660 3530 puella
672 3435 761 3503 fucit.

115 3605 567 3680 ²·dlollis‚nmatorius‚elegiaeus.
613 3625 675 3660 oum
700 3607 852 3659 Burmauno
874 3601 999 3656 Kuinoel.
1027 3601 1119 3654 Ceteri

83 3677 252 3740 Videadvers.
267 3687 310 3756 dr.
612 3697 720 3753 canstat,
745 3684 818 3758 quod
841 3697 872 3736 ut
890 3681 975 3736 Codd.
993 3679 1120 3734 fidestue·

114 3760 138 3811 3.
151 3763 205 3815 Non
219 3765 272 3818 lroec
289 3764 421 3837 Calliope,
438 3775 489 3815 etc.
504 3763 569 3816 Ovi·
613 3775 671 3834 tu‘r‚
684 3769 722 3818 ita
730 3780 805 3819 recto
816 3783 896 3818 sensu
904 3781 954 3834 per
962 3781 990 3816 se
1002 3764 1119 3833 positum

84 3835 229 3911 dimum.
245 3847 284 3913 V,
302 3847 399 3916 1327,
413 3841 446 3894 de
458 3843 568 3896 miseriis
612 3844 790 3899 defendimus.
809 3843 923 3896 Contere
937 3843 1007 3894 euim
1021 3841 1119 3914 Apollo

83 3921 144 3970 wis:
156 3923 227 3976 -uon
239 3925 294 3977 brec
309 3924 434 3996 ingenio,
448 3940 502 3974 non
513 3920 568 3974 luec
613 3925 736 3998 fingitur,
748 3923 812 3976 dum
824 3921 969 3976 scribentes
985 3923 1121 3994 excipiunt

84 4003 569 4073 componimusartezilateriaestpro-
613 4007 670 4077 ejus
702 4002 783 4056 verbu
808 4015 901 4075 poete.
932 4001 998 4055 lnde
1024 4001 1121 4072 Virgil.

84 4082 145 4150 prii!
161 4084 285 4155 ingeniosa
304 4083 389 4137 malis.
407 4107 419 4132 n
438 4083 569 4135 Incertum
613 4079 754 4149 AEneid.l‚
767 4083 802 4135 8:
818 4081 933 4148 eMusa,
947 4079 1015 4132 milri
1028 4097 1122 4133 causas

16 4225 18 4236 ἲ
85 4159 209 4218 leotiomm
219 4167 298 4222 dietat
308 4185 358 4240 pro
364 4174 462 4232 cantat,
470 4163 570 4236 recepit
613 4179 747 4228 mernere,
760 4179 813 4232 quo
828 4160 938 4214 numine
950 4159 1029 4227 heo,
1044 4169 1094 4212 eto·
1108 4181 1119 4206 ι

920 4271 959 4314 10
