2810 4978
294 377 360 444 280
587 373 852 440 PROPERTll
879 375 967 438 hill.
995 377 1042 438 ll.

337 500 402 571 Sed
413 495 474 568 tibi
487 515 612 568 vexatae
624 523 686 593 per
696 495 804 566 multu
814 496 966 590 pericula
975 500 1054 566 vitoe
1302 514 1327 567 15

383 617 543 680 Extremo
555 615 667 678 veniet
678 609 812 678 mollior
820 609 905 678 hora
917 609 983 678 die.
998 625 1002 637 “

339 727 376 793 lo
387 747 484 792 versa
495 740 599 817 caput
609 725 737 817 primos
749 725 937 816 mugiverat
948 745 1057 790 annos
1069 747 1078 789 t

384 840 483 902 Nunc
495 833 575 926 dea,
587 859 665 930 quoe
676 833 743 902 Nili
753 831 895 918 flumina
905 855 1007 902 vaona
1021 831 1117 902 bibit.

339 951 401 1015 Ino
413 950 515 1015 etiam
526 948 636 1039 prima
648 948 747 1014 terris
759 960 857 1014 oetate
870 959 989 1038 vagata
1000 959 1072 1012 est:

385 1061 483 1125 Hanc
493 1060 598 1126 miser
607 1056 765 1149 implorat
776 1059 890 1124 navita
902 1053 1128 1126 leucotheon,
1302 1083 1331 1118 ιο

339 1165 554 1259 Andromede
564 1171 722 1238 monstris
735 1168 847 1236 iuerat
857 1167 980 1236 devota
990 1169 1150 1236 murinis:

387 1264 469 1347 Huic
481 1278 600 1348 eadem
612 1283 724 1348 Persei
735 1278 857 1348 nobilis
871 1303 957 1348 uxor
967 1294 1051 1348 erut.

338 1387 474 1458 Callisto
486 1389 646 1458 Arcadios
659 1407 828 1458 erraverat
839 1413 918 1458 urso
930 1413 992 1483 per
1002 1411 1125 1482 agros:

386 1504 467 1567 Haec
481 1515 647 1568 nocturna
659 1524 721 1569 suo
733 1499 842 1568 sidere
855 1500 930 1568 vela
941 1501 1036 1594 regit.

339 1607 438 1696 Quod
451 1611 478 1678 si
490 1609 577 1680 forte
588 1610 647 1678 tibi
659 1613 873 1704 properarint
884 1611 952 1678 iata
963 1611 1130 1707 quietem,
1305 1619 1332 1672 ιδ

386 1717 448 1786 llla
459 1718 644 1812 sepulturae
656 1720 724 1788 fata
736 1721 831 1789 beata
843 1739 911 1789 tuae
923 1748 931 1788 :

324 1865 800 1934 16.Homtibimollioroenietrhora,
844 1882 938 1940 petre,
951 1887 1032 1940 quam
1051 1867 1227 1943 habuit'inter
1237 1867 1337 1918 comitet

293 1945 685 2020 qunsecumrehatmolliorem
692 1961 798 2001 sortem.
844 1947 944 2012 Diona,
956 1945 1003 1998 sed
1020 1943 1169 2016 repudiarit
1184 1943 1337 2016 postumio·

333 2043 373 2096 ¹7·
384 2027 433 2089 Io,-
447 2023 480 2077 de
493 2045 544 2098 qna
558 2025 617 2078 vide
627 2029 652 2092 l,
665 2027 696 2092 3,
713 2043 800 2079 20.-
844 2025 1108 2098 visamplexus,etin
1117 2025 1282 2076 ursamluno
1291 2038 1337 2072 nur·

296 2105 375 2160 Versa
386 2117 481 2176 copon
494 2118 596 2160 mutata
606 2104 800 2175 formu,flgura
844 2106 925 2171 tevit,
942 2104 1174 2156 transformatione
1193 2121 1260 2154 nova
1275 2099 1336 2154 sidus

294 2185 390 2238 induta
414 2183 498 2236 boris.
531 2184 601 2236 Male
628 2183 801 2236 Ruhnkenius
844 2185 922 2237 facts.
939 2183 1007 2237 Vide
1023 2183 1099 2238 Ovid.
1118 2184 1224 2234 Metam.
1246 2182 1335 2248 ll,ior

294 2264 409 2336 occipit,
424 2264 500 2336 Lirjus
511 2275 603 2336 caput,
618 2273 648 2314 ut
662 2281 760 2330 vacce,
772 2262 800 2314 in
844 2282 904 2336 sqq.
919 2277 946 2316 et
954 2265 1024 2316 Fast.
1037 2265 1074 2329 11,
1087 2262 1136 2315 153
1152 2280 1210 2335 sqq.
1220 2262 1337 2313 -Ειτι-

292 2353 388 2396 terram
407 2341 564 2398 inclinatum
582 2355 646 2397 erat.
666 2372 702 2383 —
722 2345 801 2396 Nunc
846 2357 926 2399 vernt.
938 2347 987 2397 Pro
1008 2364 1061 2418 quo
1077 2345 1171 2398 vitiose
1183 2345 1338 2396 Burmannus

293 2422 407 2475 decisis
427 2434 481 2490 est,
503 2439 584 2493 quam
598 2438 707 2474 vaccam
722 2419 800 2474 Nilus
845 2427 976 2480 erraverit.
1021 2481 1024 2492 ¹

295 2500 421 2554 celebrat.
743 2509 746 2515 ’
883 2507 926 2562 25.
942 2507 1019 2578 Quod
1030 2505 1052 2559 si
1059 2506 1135 2578 forts
1149 2506 1210 2571 tihi,
1221 2518 1272 2558 etc.
1284 2502 1338 2556 sin

334 2597 374 2650 ¹9·
387 2581 453 2646 Ino,
470 2580 637 2632 Athamantis
650 2597 731 2644 uxor,
744 2597 802 2651 quae
846 2588 902 2640 fata
919 2586 992 2638 obire
1008 2583 1154 2651 valuerint,
1173 2585 1274 2654 inquit,
1290 2581 1338 2632 hec

294 2673 377 2731 quum
400 2655 527 2710 invidiam
555 2657 606 2710 sihi
630 2659 803 2710 contraxisset
846 2665 924 2718 heau
939 2679 965 2718 η
976 2675 1039 2735 post
1051 2677 1164 2716 monem
1178 2679 1236 2713 sors
1247 2671 1337 2712 manet:

293 2736 422 2804 Junouis,
437 2736 549 2808 jubente
565 2735 630 2804 dea,
645 2734 738 2789 ambos
754 2737 802 2788 Ti·
850 2742 997 2797 ..Nimbis
1017 2740 1143 2804 Semele,
1164 2758 1217 2811 quo
1240 2741 1274 2791 sis
1294 2737 1338 2788 lor·

295 2815 410 2888 siphone
429 2817 519 2870 furore
538 2816 655 2890 implevit
676 2837 743 2884 suo,
765 2819 802 2872 ite
846 2841 922 2874 mose
940 2819 1094 2894 periclo...
1112 2819 1145 2870 Et
1161 2817 1210 2870 tibi
1227 2815 1338 2869 Maeouitt

296 2911 326 2950 ut
338 2897 486 2950 Learchum
501 2899 584 2952 filium
600 2897 725 2952 Athamas
737 2916 802 2952 sexo
847 2906 916 2958 inter
928 2899 1054 2955 heroidas
1067 2917 1158 2952 omues
1173 2899 1271 2950 Primus
1284 2897 1338 2961 erit,

295 2977 427 3046 illideret,
445 2981 493 3031 Ino
509 2997 538 3031 se
554 2997 616 3031 cum
634 2977 717 3032 altero
738 2991 802 3032 octo
846 2983 920 3038 nulia
935 3003 990 3036 non
999 2981 1145 3048 tribuente,
1160 2979 1265 3033 locun·
1278 2974 1340 3030 Nihil

295 3055 433 3114 Melicerta
458 3059 634 3130 praecipitaret
655 3057 683 3110 in
711 3075 802 3122 mare,
847 3056 1339 3133 inhismimm‚nisiquodseprtltmm

296 3133 369 3208 quod
396 3134 600 3189 Athamantidos
628 3134 805 3208 (Melicerta)
848 3162 897 3214 pm
914 3155 984 3195 itam
1001 3141 1149 3193 animarum
1168 3137 1239 3210 apud
1253 3135 1339 3188 iniero

296 3215 387 3268 tulisse
402 3211 502 3268 nonieu
515 3215 630 3268 vidimus
646 3217 674 3282 l,
689 3233 740 3282 uo,
762 3231 803 3284 19.
847 3221 912 3274 dicit
922 3221 1013 3292 (cujus
1030 3221 1133 3292 generis
1149 3217 1228 3290 plura
1243 3210 1339 3268 vidend

293 3292 391 3344 Narrat
398 3293 510 3346 Ovidius
517 3292 635 3346 fabulam
642 3293 803 3360 Metule,
846 3299 944 3366 IV,11,
958 3299 985 3370 8)
993 3338 1001 3365 ,
1010 3316 1097 3370 noque
1106 3303 1161 3348 erat
1170 3313 1250 3348 causa
1260 3293 1339 3346 hetto

295 3371 349 3440 ⁴¹6
374 3391 432 3444 ΜΗ·
455 3401 493 3412 -·
519 3372 602 3424 Tem's
629 3383 725 3446 ”aym
747 3381 803 3434 0³13
847 3397 914 3446 nns,
933 3397 982 3430 cur
998 3379 1046 3429 riri
1063 3376 1135 3430 docti
1152 3393 1259 3428 sensu
1272 3373 1339 3442 hujus

295 3469 386 3504 emens
407 3463 437 3501 ut
457 3462 514 3502 erat
536 3464 564 3503 et
584 3469 697 3504 accense
718 3451 800 3504 iuriis.
847 3455 953 3511 distichi
971 3455 1114 3509 obscurum
1129 3453 1179 3508 sibi
1192 3473 1249 3508 esse
1261 3468 1340 3526 quere·

295 3530 381 3584 Terris
393 3528 493 3582 habent
505 3532 596 3603 scripti
606 3531 740 3604 plerique,
752 3551 801 3604 pro
846 3550 947 3590 rentur.
966 3533 1144 3588 Nihilominus
1162 3551 1220 3586 non
1238 3531 1338 3594 dubito,

295 3629 351 3684 quo
364 3622 443 3664 terras
454 3613 481 3663 iu
500 3613 634 3682 impressis
648 3610 753 3684 legitur.
766 3641 803 3654 --
847 3617 911 3688 quin
923 3614 963 3668 his
974 3615 1092 3668 versibus
1102 3611 1202 3684 aliquid
1212 3613 1267 3666 uitii
1279 3609 1337 3662 insit.

294 3687 465 3742 Leucothoen.
478 3687 544 3742 Vide
559 3702 615 3741 not.
631 3688 667 3742 ad
680 3692 802 3763 superio·
846 3695 912 3762 Quis
925 3695 995 3748 euim
1006 3711 1103 3746 sonum
1112 3693 1188 3745 illum
1199 3692 1278 3757 ferat,
1285 3687 1338 3760 fota

294 3785 348 3819 rem
359 3767 430 3838 eleg.
443 3767 493 3834 26,
511 3785 550 3821 ro.
846 3775 920 3827 beata
928 3775 941 3824 l
950 3774 1008 3847 quis
1020 3772 1163 3844 feratfota,
1176 3773 1264 3844 priore
1273 3783 1338 3820 reno

333 3863 374 3898 22.
388 3847 469 3914 Erat,
482 3847 547 3916 fuit,
558 3849 627 3901 facts
638 3861 692 3913 est;
703 3847 737 3902 de
748 3869 801 3922 qna
845 3855 953 3926 proprie
968 3853 1072 3924 positu
1088 3849 1186 3917 altero,
1206 3869 1256 3923 pro
1265 3843 1339 3902 sorte?

178 3945 186 3964 ·
293 3925 440 3978 variatione
455 3939 606 4000 temporum
621 3927 734 3983 diximus
743 3933 801 4002 jem
845 3933 953 3984 Certum
968 3928 1032 3982 mihi
1046 3925 1235 4001 ridetur,sota
1249 3941 1339 3980 exm-

292 4001 383 4056 'multis
394 4003 469 4057 loeis.
840 4012 901 4080 jore
910 4009 1039 4064 versiculo
1049 4010 1077 4061 in
1088 4009 1218 4061 minorem
1229 4005 1336 4060 librario·

331 4082 373 4136 23.
394 4082 518 4154 Callisto,
534 4085 662 4156 Arcadia,
676 4088 799 4162 Lycaone
844 4108 903 4142 rum
922 4089 1082 4163 negligentia
1097 4089 1203 4142 inrecta
1219 4105 1282 4141 esse.
1301 4082 1336 4135 Sit
