2808 4974
599 537 603 546 “
665 606 1002 705 nnncmx.

646 849 708 912 AD
732 845 1016 912 AUGUSTUM.

717 1273 946 1312 AROUHBMUH.

347 1391 496 1451 Amorum
508 1402 634 1450 tenuem
648 1389 749 1472 lyram
765 1393 853 1474 ponit
869 1391 1066 1473 Propertius,
1080 1403 1110 1452 et
1125 1391 1249 1473 majoris
1265 1411 1343 1474 argu·

308 1489 405 1549 menti
431 1508 477 1549 res
501 1474 647 1548 dicendos
671 1487 876 1569 adgrediens,
906 1487 1028 1549 Orienti
1057 1488 1270 1548 imminentem
1291 1488 1344 1548 Au·

307 1599 449 1667 gustum,
473 1598 624 1667 occupata
640 1583 707 1666 jam
723 1585 853 1661 Arabia,
875 1583 1018 1646 celebrat.
1039 1581 1166 1666 Jejunas
1186 1583 1304 1668 quidem
1319 1594 1345 1642 et

306 1682 480 1744 inconditas
501 1703 563 1744 esse
580 1681 687 1744 leudes
706 1702 792 1758 suas,
813 1681 865 1742 sed
881 1680 1010 1744 delicere
1027 1681 1087 1742 sibi
1105 1681 1145 1744 ad
1160 1695 1225 1743 tem
1245 1699 1345 1762 magns
1386 1751 1387 1760 χ

352 2189 417 2262 Sed
428 2206 563 2285 tempus
575 2192 720 2263 lustrare
734 2195 809 2262 aliis
822 2191 985 2264 Helicona
999 2191 1150 2275 choreis,

397 2306 440 2370 Et
451 2328 609 2396 campum
622 2302 799 2375 Haemonio
808 2303 880 2398 jam
892 2305 974 2373 dare
988 2322 1124 2397 tempus
1137 2325 1235 2398 equo.

349 2415 427 2479 Jam
438 2410 520 2480 libet
531 2427 564 2480 et
575 2413 678 2481 fortes
691 2436 882 2481 memorare
895 2412 940 2480 od
952 2411 1070 2505 praelia
1082 2427 1229 2492 tunnas,

397 2525 441 2590 Et
451 2527 603 2592 Romana
614 2527 681 2592 mei
695 2522 806 2594 dicere
818 2539 927 2593 castra
939 2522 1047 2591 ducis.

341 2762 363 2797 ι.
382 2745 434 2798 Sed
446 2758 559 2816 tempus,
576 2761 626 2800 etc.
642 2747 754 2804 Orditor
772 2747 806 2801 ab
853 2747 959 2800 datione
974 2745 1049 2800 houd
1064 2745 1155 2798 dubis.
1166 2773 1203 2787 -
1214 2743 1279 2796 Aliis
1290 2741 1346 2794 elo-

300 2826 352 2878 isto
365 2828 481 2878 carmine
491 2825 675 2882 Lachmannus
691 2845 807 2881 morture
853 2825 913 2892 reis,
924 2825 1002 2876 Musa
1017 2843 1085 2876 nove
1098 2821 1346 2876 comite-licerne-

302 2919 416 2968 ιιιιιιιιι,
428 2923 479 2975 pro
492 2917 623 2974 quatuor,
636 2919 666 2958 ut
677 2907 757 2978 vulgo
768 2905 806 2972 fit,
852 2905 898 2956 nio
911 2923 985 2976 equo.
1001 2903 1144 2958 Thessalus
1160 2922 1262 2974 equus,
1275 2900 1313 2953 sel
1329 2901 1347 2951 si

300 2985 422 3057 pertibus
442 2987 580 3058 Propertio
599 2988 717 3060 quinque
735 2987 807 3040 adsi·
851 2983 1154 3037 fortissimos'l'lresselis
1167 2983 1346 3053 genuerim·

279 3081 395 3134 -gneos
419 3063 565 3134 Dispositio
588 3063 644 3116 ltaec
664 3065 806 3118 voluminis
851 3062 956 3115 deciam
978 3065 1077 3134 ingenii
1098 3063 1225 3132 majorem
1248 3061 1346 3130 figurate

301 3161 370 3195 nove
391 3145 551 3212 argumentis
573 3144 671 3215 quibus
691 3165 724 3197 ex
746 3147 806 3216 ipso
852 3142 1002 3214 significans
1026 3159 1081 3192 non
1110 3141 1174 3192 setis
1197 3136 1345 3209 intelligitur·

300 3231 381 3291 poeta
390 3219 512 3272 deductis
524 3221 622 3273 linnori
634 3225 731 3294 possit,
742 3220 807 3274 sub·
851 3221 987 3274 Probabili
1000 3223 1158 3292 conjecturo
1174 3221 1294 3272 Heinsius
1305 3217 1346 3269 Ac

220 3293 223 3299 ’
297 3299 370 3367 jecto
388 3297 533 3351 ostendunt
554 3314 644 3352 notata
665 3301 700 3352 ed
720 3301 806 3352 Vitam
852 3304 896 3354 nio
911 3321 976 3376 equo
989 3300 1145 3374 reponebat

299 3378 430 3448 Propertii
448 3376 610 3450 Chronolog.
624 3398 690 3469 pag.
718 3381 748 3432 15
765 3399 805 3451 sq.
887 3378 1274 3472 3.Turmasfortesadproelia.
1282 3378 1347 3431 sus·
1386 3385 1388 3390 '

299 3457 406 3508 Initium
419 3468 508 3508 eutem
521 3459 644 3510 carminis
660 3458 739 3530 hujus
757 3457 806 3510 de·
852 3473 925 3512 ctum
947 3460 1142 3548 praepositionis
1164 3458 1201 3510 ad
1218 3455 1346 3510 familiaris

298 3535 360 3586 cimr
353 3533 603 3588 'considerantibus
618 3535 721 3606 patebit
734 3555 805 3609 quus·
850 3540 998 3610 Propertio
1023 3539 1062 3590 lta
1079 3537 1181 3608 sapiens
1201 3535 1302 3606 (terre)
1318 3530 1347 3584 ad

297 3611 359 3665 dem
371 3626 434 3664 ente
444 3611 515 3665 dicta
525 3631 645 3683 perusse
657 3612 806 3668 Adsensu·
851 3635 939 3668 verum
951 3614 1065 3686 legimus
1076 3617 1114 3682 ll
1131 3613 1163 3667 13
1168 3615 1242 3682 ,ς4ι
1235 3609 1347 3668 ·υειιιι4α

298 3689 327 3742 di
347 3691 418 3743 enim
434 3691 565 3762 porticula
585 3691 638 3745 Sed
656 3706 686 3744 ut
706 3691 805 3746 hebeat
848 3694 1346 3766 (amreoe)admunusll,16m;ooe·

297 3769 404 3836 locum,
424 3772 574 3824 necessaris
603 3770 654 3824 sliu
682 3775 804 3843 proxima
849 3775 940 3829 cusad
943 3775 1077 3847 sonnosos
1089 3775 1127 3840 ll
1141 3792 1189 3838 su,
1201 3791 1251 3834 ιος
1264 3771 1347 3826 solrius

297 3847 480 3920 sunt‚qmbus
492 3851 661 3923 respondeat
669 3851 805 3922 Aliterjn-
849 3855 884 3906 ad
894 3853 953 3908 letes
962 3855 1014 3922 lv
1029 3873 1043 3907 n
1050 3871 1121 3922 ‚29‚
1139 3855 1215 3906 emta
1226 3847 1346 3921 (telelad

297 3927 430 3981 dicantem
440 3928 566 4000 Vulpinos
575 3933 641 3982 ratio
650 3928 747 3982 refellit
757 3949 804 3982 cu·
844 3933 918 4004 feras
926 3935 975 4000 ιν,
990 3949 1022 4002 9,
1037 3891 1081 3998 4ο.
1091 3931 1199 3982 -Met
1215 3929 1282 3983 Vide
1296 3938 1344 3980 not.

263 4067 265 4070 ¹
292 4009 455 4079 juscuanne
464 4025 603 4062 sermome.
610 4009 641 4060 ln
651 4021 714 4062 vett.
727 4008 803 4062 editis
850 4011 885 4064 ed
899 4010 965 4084 eleg.
980 4029 1008 4076 ι,
1021 4009 1193 4076 25.-1>ox‚
1204 4008 1237 4062 de
1247 4021 1346 4080 regnen-

295 4085 370 4140 libris
376 4087 439 4140 Jam
451 4099 552 4158 tempus
561 4087 707 4160 legitnrpex
716 4108 804 4141 emen·
849 4105 876 4144 te
887 4092 1021 4164 principe,
1034 4101 1065 4143 ut
1075 4092 1112 4157 11,
1127 4090 1172 4154 ι6,
1186 4103 1229 4140 20.
