2808 4974
232 414 240 421 ⁵
301 445 366 544 '130
596 472 860 539 rnornnrn
884 475 973 542 nro.
1000 479 1046 543 n.

344 596 462 685 'Quod
474 600 503 664 si
513 619 593 683 vera
604 621 689 665 meae
701 601 902 668 comitarent
913 617 1024 673 castra
1034 602 1197 698 puellae,¹
1234 605 1240 614 “
1304 619 1330 672 ι5

389 711 464 774 Non
476 705 559 774 milri
570 721 623 774 eat
633 730 777 799 magnus
791 713 937 778 Castoris
948 713 1012 780 iret
1022 737 1142 810 equus.

344 821 431 886 Hinc
443 819 568 885 etenim
579 832 713 886 tantum
724 823 850 888 meruit
860 846 937 890 mea
948 822 1054 916 gloria
1065 851 1208 912 nomen,

388 927 503 997 Gloria
514 927 558 995 ad
569 927 728 997 hibernos
740 927 809 996 lata
820 931 1092 1025 Borysthenidas.

341 1043 396 1107 Tu
407 1037 491 1106 mihi
505 1037 576 1132 sola
587 1037 719 1131 places:
734 1037 887 1130 placeam
898 1043 957 1111 tibi
968 1097 976 1127 ‚
988 1045 1151 1138 Cynthia,
1167 1045 1267 1116 solus.

390 1152 454 1230 Hic
468 1151 531 1217 erit
542 1164 576 1216 et
587 1151 697 1240 patrio
711 1153 874 1241 sanguine
886 1153 995 1245 pluris
1003 1180 1110 1224 amor.
1306 1187 1334 1223 ao

335 1327 376 1378 15.
393 1321 492 1393 'Quod
509 1323 532 1374 si
553 1341 614 1374 vero
630 1340 708 1388 rneoe,
727 1337 778 1376 etc.
790 1324 801 1346 “
845 1325 923 1380 nibus
930 1327 981 1380 sibi
990 1327 1335 1404 placere-Castorisequus

297 1403 499 1474 corruptissima
520 1397 576 1453 lraec
592 1399 719 1452 libromm
737 1409 799 1452 nm·
845 1419 884 1458 est
898 1405 1032 1478 Cyllarus,
1052 1427 1131 1480 quem
1146 1411 1284 1483 Neptunus
1295 1411 1336 1461 ln·

295 1485 369 1538 nium
381 1483 513 1551 scripturn
528 1498 582 1551 qno
596 1479 729 1552 probabili
740 1499 800 1533 rno-
843 1486 926 1550 noni,
938 1488 1008 1538 Juno
1020 1488 1123 1541 Castori
1134 1489 1215 1542 dedit.
1227 1491 1335 1560 interpp.

295 1563 331 1616 do
356 1562 458 1614 restitui
484 1561 587 1632 possit,
605 1577 659 1610 non
686 1558 797 1611 videtur.
844 1561 879 1612 ad
895 1563 986 1634 virgil.
1002 1565 1094 1638 Georg.
1109 1568 1157 1636 111,
1173 1587 1216 1638 90.
1232 1569 1336 1626 -vNon

295 1641 410 1712 Scaliger
419 1637 585 1690 emendavit:
604 1658 614 1682 ι
625 1636 705 1704 Quod
717 1637 739 1688 si
751 1639 799 1690 llo-
843 1643 959 1696 militat
970 1664 1081 1720 maynus
1092 1649 1155 1714 iret,
1170 1649 1287 1715 horest,
1300 1668 1336 1701 ss·

295 1741 380 1776 manre
391 1723 551 1774 comitarent
564 1731 651 1770 castra
664 1717 795 1790 puellae3»
842 1723 875 1774 tis
890 1723 1004 1791 multus,
1023 1745 1078 1778 non
1093 1729 1255 1800 infrequenti
1270 1729 1335 1800 adje-

294 1803 433 1865 Heinsius,
451 1797 555 1866 uQnod
571 1816 629 1849 mea
648 1797 670 1848 si
686 1807 797 1864 tenere,
842 1801 970 1854 ctivornm
981 1805 1091 1858 istorum
1102 1807 1337 1870 confusionesicl,

293 1895 366 1936 ας.»
385 1879 437 1932 Sed
454 1881 481 1930 in
503 1891 614 1948 utraque
632 1874 748 1928 lectione
766 1874 799 1926 il·
844 1877 1337 1958 5,10,mttttaqmua(quammagna)

293 1960 341 2014 lud
352 1960 407 2011 vitii
421 1956 605 2011 Lachmannus
615 1951 799 2024 reprehendit,
844 1971 905 2010 sunt
924 1961 1012 2027 Quam
1028 1963 1111 2015 multa
1128 1963 1217 2016 millia.
1235 1963 1298 2017 vide
1315 1975 1337 2015 et

294 2039 368 2112 qnod
378 2040 450 2090 Hinc
459 2055 535 2089 verm
552 2053 596 2104 17,
609 2033 635 2085 id
651 2047 706 2098 est,
717 2053 733 2085 a
745 2036 799 2086 Ilo-
843 2035 896 2088 illic
907 2055 965 2109 que
977 2043 1114 2094 citavimus
1125 2043 1254 2114 exempla.
1264 2045 1292 2096 ln
1301 2061 1337 2094 eo·

294 2119 380 2171 manis
394 2114 436 2168 vel
456 2137 472 2167 a
491 2114 583 2166 teneris
600 2113 648 2164 siti
668 2111 800 2166 celebratis
843 2113 905 2166 dem
915 2116 998 2184 libro,
1012 2119 1079 2192 eleg.
1093 2121 1123 2188 8,
1134 2123 1185 2192 37,
1200 2123 1337 2190 «Quamvis

293 2197 406 2270 puellis,
419 2196 518 2246 lamam
532 2209 608 2244 suam
620 2205 702 2262 poeta
712 2195 799 2264 jacta·
844 2213 939 2266 mayoc
951 2194 1043 2266 daret,
1059 2202 1177 2270 quamvis
1189 2205 1288 2274 majora
1298 2199 1338 2251 sle·

293 2273 401 2329 bundns
413 2271 541 2337 deducet,
558 2287 636 2342 quem
648 2272 737 2322 statim
746 2271 798 2321 im·
843 2285 970 2339 turus,=
999 2277 1128 2350 intelliges
1152 2279 1241 2333 Multa
1269 2294 1339 2354 atque

294 2353 426 2428 pudenter
443 2348 633 2402 exclamantem
657 2347 797 2400 audimuss
845 2355 924 2405 etiam
933 2354 1020 2426 plura.

296 2457 308 2480 ι
318 2433 358 2484 Tu
365 2428 491 2483 mitrisolo
496 2427 599 2500 placere
611 2425 729 2498 placeam
739 2425 801 2492 tibi,
884 2433 924 2486 18.
937 2435 1029 2506 Glon'a
1042 2437 1078 2488 ad
1090 2435 1219 2506 bibemos,
1232 2453 1281 2492 etc.
1299 2439 1339 2490 Ja-

296 2509 425 2582 cynthia,
436 2506 541 2560 solua·
557 2507 643 2577 Ipsius
652 2503 802 2558 Lachman·
846 2516 949 2566 etantiae
960 2519 1071 2586 poeticae
1083 2535 1179 2590 vagum
1192 2533 1218 2572 et
1230 2519 1340 2572 indefini-

294 2592 324 2642 ni
333 2599 529 2650 commentum,
539 2587 589 2638 etsi
599 2587 701 2658 pariter
713 2587 803 2638 incer·
846 2605 902 2643 turn
920 2612 1005 2664 genus
1017 2609 1057 2649 est
1064 2618 1072 2660 ;
1087 2597 1152 2650 nihil
1165 2599 1247 2652 alind.
1263 2601 1340 2670 Bory-

295 2683 353 2722 tnm
378 2667 527 2720 necessario
551 2676 608 2731 est,
631 2677 658 2716 at
681 2664 802 2737 prolecto
846 2671 1338 2752 ahmidffiscythaeadBorysthenem,

293 2749 374 2820 longe
385 2756 509 2818 superem
523 2743 623 2810 «Quod
634 2745 655 2795 si
665 2761 726 2795 curu
736 2761 800 2796 meae
882 2769 923 2804 no.
947 2755 1066 2808 Patrium
1091 2759 1245 2830 sanquinem
1271 2761 1340 2812 unice

295 2827 515 2881 canturiensem
529 2821 640 2894 puelle,
658 2823 721 2874 Non
735 2819 800 2873 mihi
844 2843 915 2882 recte
947 2831 1133 2886 Lachmannus
1159 2837 1339 2909 interpretatus

295 2919 336 2960 sat
352 2921 480 2977 magnus,
494 2915 567 2954 etc.»
582 2902 609 2954 Si
619 2901 715 2972 puellae
729 2919 799 2968 sure,
845 2922 904 2975 est,
929 2913 1115 2981 cognationem
1135 2927 1161 2966 et
1182 2916 1339 2968 communio·

294 2985 427 3059 cynthlae,
445 2994 514 3035 esset
527 2998 610 3048 cum,
625 2992 655 3031 ll!
670 2997 698 3031 ὅθ
716 2981 800 3030 eoml-
843 3007 905 3040 nem
914 2993 1062 3062 Sangulnlss,
1075 3011 1132 3064 qum
1139 2997 1279 3066 patricum
1289 2995 1341 3047 filiis

294 3078 415 3130 teretur,
436 3081 492 3114 non
514 3060 582 3112 filios
605 3077 633 3112 ³0
658 3059 799 3112 militatum
843 3069 990 3122 intercedit.
1010 3072 1050 3123 lta
1063 3083 1188 3144 potemus
1204 3089 1340 3130 mutemus-

294 3148 435 3199 missurum
445 3160 518 3207 esse,
528 3139 575 3193 sed
585 3142 671 3210 ipsum
682 3157 743 3190 curn
755 3137 801 3190 illa
844 3163 893 3216 que
906 3147 1011 3220 sanquis
1030 3149 1150 3202 Ciceroni
1168 3153 1281 3221 dicitnr,
1296 3171 1340 3226 pro

294 3229 322 3278 in
337 3237 422 3277 castra
433 3221 617 3292 proiecturum
628 3239 635 3280 ;
647 3215 717 3268 hano
728 3217 799 3269 enim
843 3225 941 3277 Roscio
964 3227 1092 3280 Amerino
1101 3231 1116 3296 ,¹
1125 3231 1168 3297 24.
1187 3235 1283 3287 Amare
1303 3247 1341 3295 te,

294 3303 379 3356 solam
399 3299 524 3352 carminis
542 3298 599 3363 sui,
621 3295 692 3347 hanc
708 3295 799 3367 glorie
841 3305 930 3376 inquit
952 3320 1054 3377 poeta,
1068 3307 1164 3378 'pluris
1189 3317 1240 3367 erit
1264 3313 1339 3380 mihi,

294 3395 488 3462 cansam-osse,
501 3373 571 3426 hane
583 3391 663 3426 unam
674 3391 728 3446 pm
739 3393 797 3425 ⁰¹1¹·
844 3401 922 3455 quam
938 3384 1037 3441 habere
1049 3387 1125 3444 lilios.

703 3551 939 3596 ΙΜἊΜΛΛΝνννν)

531 3671 852 3774 rurrsrronns
874 3679 1105 3748 oramen.

228 3841 231 3846 '
328 3837 353 3888 3.
371 3836 493 3906 Quamvis
507 3835 628 3890 diducere
646 3846 765 3888 amantes
779 3835 842 3891 Nou
859 3849 938 3910 queat
953 3841 1049 3895 invitos
1064 3843 1190 3915 luppiter
1207 3847 1260 3920 ipse
1276 3847 1341 3900 duos.

294 3916 649 3983 unnur‚0des,11,2r=
733 3984 736 3993 ¹
1101 3947 1109 3960 ·

540 4053 607 4098 Joins
619 4062 661 4098 ton
673 4054 762 4100 eoenrt
776 4068 804 4100 ce
816 4068 879 4102 coenr
890 4058 931 4118 qni
943 4056 1019 4105 t'eirne
1026 4075 1033 4115 ;

479 4119 624 4181 Plonge-toi,
638 4121 706 4168 chere
717 4135 825 4178 amante,
840 4137 871 4169 au
883 4128 932 4172 sein
945 4126 974 4172 de
987 4139 1028 4174 ton
1041 4135 1134 4187 amaon

478 4193 518 4246 Et,
528 4189 586 4238 dans
596 4191 629 4237 les
640 4192 723 4240 noends
734 4195 811 4240 sacres
822 4195 852 4241 de
865 4209 931 4243 notre
942 4197 1136 4258 embrassement,

543 4263 577 4309 Ne
590 4263 664 4309 crains
676 4279 719 4326 pse
731 4265 823 4328 Jupiter
832 4264 961 4316 lui-meme.
