2808 4974
325 513 674 526 -ι--·

656 660 908 760 ELEGIA
940 664 1035 756 111.

687 887 748 950 DE
772 883 1007 948 ctttTtlln.

793 1111 904 1122 ---.

736 1283 966 1320 ARGUUMM·

363 1409 496 1469 lactavit
514 1425 546 1464 se
568 1404 706 1464 nimium
732 1400 832 1462 fidens
854 1422 961 1462 amore
985 1401 1082 1462 misso
1109 1413 1202 1484 poete
1227 1402 1360 1462 liberum:

317 1507 544 1587 redintegratus
568 1499 712 1585 Cynthiae
739 1521 861 1576 servus,
885 1521 925 1560 en
948 1501 1065 1560 iterum
1088 1502 1123 1560 in
1149 1500 1361 1562 conscribendis

318 1607 411 1686 elegis
427 1618 511 1664 totus
528 1615 581 1662 est.
595 1602 773 1680 Utcumque
786 1619 860 1659 vero
876 1599 954 1659 facie
965 1599 1096 1659 dominu
1108 1599 1225 1683 pollet,
1238 1602 1298 1681 ejus
1311 1619 1362 1660 esse

318 1702 498 1784 ingenium,
514 1699 580 1779 ejus
596 1711 676 1757 artes
692 1717 774 1774 esse,
793 1715 861 1778 quae
875 1697 1017 1757 vicerint.
1030 1698 1114 1756 Num
1131 1709 1176 1773 te,
1190 1719 1210 1758 ο
1226 1719 1292 1758 mea
1305 1697 1363 1771 lux,

317 1801 452 1861 blandus
465 1803 559 1860 Amor
571 1812 748 1858 nascentem
762 1797 881 1878 excepit
900 1798 1005 1856 omine
1022 1796 1102 1858 suoi
1117 1799 1226 1880 Neque
1239 1799 1317 1858 enim
1331 1795 1363 1854 ab

318 1898 458 1960 humana
478 1910 578 1958 matre
597 1896 717 1956 venisse
735 1891 793 1954 tibi
815 1907 860 1953 tot
880 1891 965 1954 bona
986 1895 1100 1976 cogites
1121 1917 1129 1953 ι
1149 1894 1277 1955 caelestia
1295 1893 1363 1953 done

317 1995 496 2077 largiuntur
519 1993 574 2054 dii.
597 1993 682 2054 Olim
706 1993 814 2054 mirari
838 2014 891 2068 se,
919 1992 1036 2054 femina
1064 1990 1224 2075 quomod'o
1251 1993 1365 2056 valuerit

317 2095 442 2177 Trojnm
461 2091 682 2176 pessumdare:
705 2113 791 2152 nunc
807 2106 888 2152 stare
907 2093 968 2152 sibi
986 2113 1051 2154 rem
1071 2096 1143 2154 satis
1161 2106 1362 2180 compertam

317 2193 473 2276 quidquid
491 2191 531 2253 ob
546 2191 698 2251 Helenam
713 2191 832 2251 factum
848 2193 904 2266 sit,
924 2213 1009 2252 nunc
1028 2192 1087 2252 sibi
1102 2193 1240 2276 probari.
1259 2191 1365 2264 Vultis,

318 2295 465 2375 pictores,
478 2303 507 2350 et
520 2289 619 2372 Apelli
630 2304 660 2350 ct
671 2289 796 2350 Zeuxidi
810 2291 928 2372 cripere
937 2288 1055 2350 famam
1068 2291 1178 2351 suam'l
1192 2292 1229 2352 ln
1241 2287 1366 2372 exemplo

317 2390 407 2448 vobis
423 2387 557 2470 Cynthia
572 2399 679 2448 nostra
690 2389 753 2448 sit:
772 2401 895 2464 uretur,
912 2388 1103 2472 quicumque
1117 2387 1165 2449 vel
1179 2390 1294 2473 pictam
1309 2405 1366 2470 spe·

318 2486 416 2548 ctabit
432 2485 611 2570 Cynthium.

790 2641 901 2658 *aa

323 2759 326 2766 Δ
367 2727 452 2866 Qui
467 2773 598 2842 nullam
610 2773 669 2842 tibi
682 2773 817 2842 dicebas
826 2771 899 2866 jam
911 2797 1011 2867 posse
1026 2798 1165 2859 nocere,

412 2887 565 2966 Haesisti;
578 2883 698 2952 cecidit
712 2886 850 2976 spiritus
863 2883 919 2951 ille
931 2899 1022 2952 tuus,

363 2999 428 3064 Vix
441 3021 550 3064 unum
562 3011 677 3088 potes,
693 2994 824 3074 infelix,
840 2998 1052 3090 requiescere
1065 3019 1239 3080 mensem,

410 3113 453 3175 Et
462 3111 571 3202 turpis
584 3107 627 3174 de
640 3104 755 3200 tejam
768 3106 852 3174 liber
863 3106 949 3175 alter
960 3111 1034 3176 erit.

362 3219 577 3306 Quaerebam,
591 3220 718 3286 siccasi
732 3233 848 3311 posset
858 3220 960 3311 piscis
972 3243 1093 3303 arena,

409 3335 479 3398 Nec
492 3329 611 3398 solitus
624 3346 730 3422 ponto
746 3331 857 3398 vivere
871 3346 987 3398 torvus
999 3355 1098 3424 aper,

362 3451 429 3510 Aut
441 3466 503 3534 ego
516 3446 543 3509 si
554 3465 691 3535 possem
707 3440 826 3510 studiis
837 3441 979 3534 ¹vigilare
994 3447 1140 3512 severis:

323 3565 325 3570 ’
409 3551 1158 3647 Differtur‚numquamtolliturullusamor.

353 3732 375 3767 ι.
393 3713 444 3786 Qui
457 3713 579 3779 nullam,
596 3728 647 3766 etc¹
662 3715 741 3767 Coni.
756 3715 822 3768 sub·
868 3719 968 3782 torius,
987 3715 1059 3770 foetle
1077 3717 1222 3772 nobilitant
1240 3729 1369 3772 auctorem

310 3795 395 3864 jectas
422 3791 456 3844 etl
478 3795 567 3844 Vitam
586 3792 749 3864 Chronoloq.
772 3811 823 3845 no·
867 3813 955 3848 suum.

315 3884 472 3944 tet‚·eupra
492 3890 554 3944 pag.
583 3891 623 3943 17.
643 3901 680 3912 -
697 3873 822 3938 Hoesisti‚·
903 3873 929 3926 5.
952 3875 1121 3946 Quaerebam,
1141 3890 1192 3929 etc.
1212 3897 1252 3931 ret
1276 3893 1371 3950 quiete·

313 3963 424 4020 repente
441 3953 551 4016 stetisti,
570 3951 711 4004 constitisti
729 3954 822 4003 immo·
866 3951 929 4004 bam
940 3953 1105 4007 difficultatis
1116 3957 1252 4027 ejusdem:
1266 3975 1301 4008 uu
1314 3972 1371 4027 pos·

314 4042 365 4082 tus.
377 4059 413 4070 -
422 4031 548 4103 Spiritus,
564 4033 683 4100 animus,
696 4031 821 4105 superbia
865 4047 924 4084 sent
937 4035 1017 4104 piscis
1031 4047 1056 4086 et
1069 4053 1151 4107 uper,
1161 4049 1212 4088 etc.
1229 4049 1274 4087 aut
1289 4052 1338 4106 ego
1350 4032 1371 4086 si

255 4115 257 4118 ’
314 4108 427 4162 illatuu.
865 4131 989 4182 possem,
1006 4127 1056 4164 etc.
1076 4115 1271 4188 -Diffemtr,
1292 4116 1371 4165 intec-

325 4207 333 4226 ·
350 4191 377 4258 4.
391 4189 486 4264 Turpis
501 4189 576 4258 liber,
591 4191 732 4264 pudendus
750 4209 821 4245 eme·
865 4193 960 4246 missus
972 4206 1058 4244 vacat.
