<?xml version="1.0" encoding="UTF-8"?>
<!DOCTYPE html PUBLIC "-//W3C//DTD XHTML 1.0 Transitional//EN"
    "http://www.w3.org/TR/xhtml1/DTD/xhtml1-transitional.dtd">
<html xmlns="http://www.w3.org/1999/xhtml" xml:lang="en" lang="en">
 <head>
  <title>
</title>
<meta http-equiv="Content-Type" content="text/html;charset=utf-8" />
  <meta name='ocr-system' content='tesseract 3.04.00' />
  <meta name='ocr-capabilities' content='ocr_page ocr_carea ocr_par ocr_line ocrx_word'/>
</head>
<body>
  <div class='ocr_page' id='page_1' title='image "./sextiaureliipro00goog_0042.png"; bbox 0 0 2940 4974; ppageno 0'>
   <div class='ocr_carea' id='block_1_1' title="bbox 281 445 1004 514">
    <p class='ocr_par' dir='ltr' id='par_1_1' title="bbox 281 445 1004 514">
     <span class='ocr_line' id='line_1_1' title="bbox 281 445 1004 514; baseline -0.001 -2"><span class='ocrx_word' id='word_1_1' title='bbox 281 449 323 514; x_wconf 80' lang='lat'><strong>28</strong></span> <span class='ocrx_word' id='word_1_2' title='bbox 602 445 867 511; x_wconf 84' lang='lat' dir='ltr'><strong>PROPERTH</strong></span> <span class='ocrx_word' id='word_1_3' title='bbox 892 447 1004 510; x_wconf 81' lang='lat' dir='ltr'>VITA</span> 
     </span>
    </p>
   </div>
   <div class='ocr_carea' id='block_1_2' title="bbox 276 568 1337 751">
    <p class='ocr_par' dir='ltr' id='par_1_2' title="bbox 276 568 1337 751">
     <span class='ocr_line' id='line_1_2' title="bbox 276 568 1337 654; baseline -0.003 -21"><span class='ocrx_word' id='word_1_4' title='bbox 276 593 359 653; x_wconf 79' lang='lat' dir='ltr'><strong>pore,</strong></span> <span class='ocrx_word' id='word_1_5' title='bbox 376 573 395 631; x_wconf 93' lang='lat' dir='ltr'><strong>i.</strong></span> <span class='ocrx_word' id='word_1_6' title='bbox 408 593 433 632; x_wconf 89' lang='lat' dir='ltr'><strong>e.</strong></span> <span class='ocrx_word' id='word_1_7' title='bbox 449 585 642 654; x_wconf 85' lang='lat' dir='ltr'><strong>opportune:</strong></span> <span class='ocrx_word' id='word_1_8' title='bbox 656 591 714 632; x_wconf 89' lang='lat' dir='ltr'><strong>noa</strong></span> <span class='ocrx_word' id='word_1_9' title='bbox 728 570 796 630; x_wconf 84' lang='lat' dir='ltr'><strong>sine</strong></span> <span class='ocrx_word' id='word_1_10' title='bbox 810 568 1030 653; x_wconf 61' lang='lat' dir='ltr'><strong>praepositione</strong></span> <span class='ocrx_word' id='word_1_11' title='bbox 1041 568 1177 630; x_wconf 76' lang='lat' dir='ltr'><strong>dicimus</strong></span> <span class='ocrx_word' id='word_1_12' title='bbox 1195 583 1337 652; x_wconf 85' lang='lat' dir='ltr'><strong>tempore,</strong></span> 
     </span>
     <span class='ocr_line' id='line_1_3' title="bbox 278 682 465 751; baseline -0.021 -23"><span class='ocrx_word' id='word_1_13' title='bbox 278 682 443 751; x_wconf 65' lang='lat' dir='ltr'><strong>tempore„</strong></span> <span class='ocrx_word' id='word_1_14' title='bbox 457 683 465 712; x_wconf 72' lang='grc' dir='ltr'>ι</span> 
     </span>
    </p>
   </div>
   <div class='ocr_carea' id='block_1_3' title="bbox 535 781 1080 935">
    <p class='ocr_par' dir='ltr' id='par_1_3' title="bbox 535 781 1080 935">
     <span class='ocr_line' id='line_1_4' title="bbox 600 781 1012 856; baseline -0.005 -20"><span class='ocrx_word' id='word_1_15' title='bbox 600 787 633 836; x_wconf 82' lang='grc' dir='ltr'><strong>Δ.</strong></span> <span class='ocrx_word' id='word_1_16' title='bbox 648 785 681 836; x_wconf 89' lang='lat' dir='ltr'><strong>U.</strong></span> <span class='ocrx_word' id='word_1_17' title='bbox 694 781 725 836; x_wconf 88' lang='lat' dir='ltr'><strong>C.</strong></span> <span class='ocrx_word' id='word_1_18' title='bbox 741 783 809 856; x_wconf 81' lang='lat'><strong>739;</strong></span> <span class='ocrx_word' id='word_1_19' title='bbox 824 783 956 855; x_wconf 81' lang='lat' dir='ltr'><strong>Propertii</strong></span> <span class='ocrx_word' id='word_1_20' title='bbox 968 782 1012 835; x_wconf 75' lang='lat'><strong>38.</strong></span> 
     </span>
     <span class='ocr_line' id='line_1_5' title="bbox 535 862 1080 935; baseline -0.007 -17"><span class='ocrx_word' id='word_1_21' title='bbox 535 867 572 918; x_wconf 87' lang='lat' dir='ltr'><strong>M.</strong></span> <span class='ocrx_word' id='word_1_22' title='bbox 584 863 782 927; x_wconf 80' lang='lat' dir='ltr'><strong>DruauaLibo;</strong></span> <span class='ocrx_word' id='word_1_23' title='bbox 794 865 823 916; x_wconf 86' lang='lat'><strong>1..</strong></span> <span class='ocrx_word' id='word_1_24' title='bbox 836 863 999 935; x_wconf 79' lang='lat' dir='ltr'><strong>Calpurnius</strong></span> <span class='ocrx_word' id='word_1_25' title='bbox 1010 862 1080 915; x_wconf 85' lang='lat' dir='ltr'><strong>Piao.</strong></span> 
     </span>
    </p>
   </div>
   <div class='ocr_carea' id='block_1_4' title="bbox 273 1003 1344 2654">
    <p class='ocr_par' dir='ltr' id='par_1_4' title="bbox 273 1003 1344 2654">
     <span class='ocr_line' id='line_1_6' title="bbox 320 1003 1344 1090; baseline -0.006 -20"><span class='ocrx_word' id='word_1_26' title='bbox 320 1008 465 1090; x_wconf 79' lang='lat' dir='ltr'>Cyziceni</span> <span class='ocrx_word' id='word_1_27' title='bbox 485 1007 662 1068; x_wconf 83' lang='lat' dir='ltr'><strong>libertatem</strong></span> <span class='ocrx_word' id='word_1_28' title='bbox 685 1007 724 1067; x_wconf 86' lang='lat' dir='ltr'><strong>ab</strong></span> <span class='ocrx_word' id='word_1_29' title='bbox 744 1009 883 1088; x_wconf 69' lang='lat' dir='ltr'><strong>Augusto</strong></span> <span class='ocrx_word' id='word_1_30' title='bbox 901 1007 936 1065; x_wconf 84' lang='lat' dir='ltr'><strong>A.</strong></span> <span class='ocrx_word' id='word_1_31' title='bbox 955 1006 993 1065; x_wconf 92' lang='lat' dir='ltr'><strong>U.</strong></span> <span class='ocrx_word' id='word_1_32' title='bbox 1009 1003 1068 1088; x_wconf 66' lang='lat'><strong>734</strong></span> <span class='ocrx_word' id='word_1_33' title='bbox 1085 1003 1241 1065; x_wconf 82' lang='lat' dir='ltr'><strong>ademtam</strong></span> <span class='ocrx_word' id='word_1_34' title='bbox 1256 1024 1344 1064; x_wconf 89' lang='lat' dir='ltr'><strong>recu-</strong></span> 
     </span>
     <span class='ocr_line' id='line_1_7' title="bbox 280 1102 1342 1188; baseline -0.004 -22"><span class='ocrx_word' id='word_1_35' title='bbox 280 1117 407 1188; x_wconf 75' lang='lat' dir='ltr'><strong>perant.¹</strong></span> <span class='ocrx_word' id='word_1_36' title='bbox 424 1103 575 1165; x_wconf 84' lang='lat' dir='ltr'><strong>Sicambri</strong></span> <span class='ocrx_word' id='word_1_37' title='bbox 603 1107 779 1186; x_wconf 79' lang='lat' dir='ltr'><strong>Augustum</strong></span> <span class='ocrx_word' id='word_1_38' title='bbox 802 1103 984 1186; x_wconf 83' lang='lat' dir='ltr'><strong>compositis</strong></span> <span class='ocrx_word' id='word_1_39' title='bbox 1011 1113 1198 1164; x_wconf 84' lang='lat' dir='ltr'><strong>venerantur</strong></span> <span class='ocrx_word' id='word_1_40' title='bbox 1221 1102 1342 1178; x_wconf 79' lang='lat' dir='ltr'><strong>armis,</strong></span> 
     </span>
     <span class='ocr_line' id='line_1_8' title="bbox 278 1200 1342 1280; baseline -0.002 -18"><span class='ocrx_word' id='word_1_41' title='bbox 278 1204 369 1264; x_wconf 83' lang='lat' dir='ltr'><strong>sicuti</strong></span> <span class='ocrx_word' id='word_1_42' title='bbox 383 1205 533 1264; x_wconf 82' lang='lat' dir='ltr'><strong>Horatius</strong></span> <span class='ocrx_word' id='word_1_43' title='bbox 541 1203 626 1263; x_wconf 84' lang='lat' dir='ltr'><strong>canit</strong></span> <span class='ocrx_word' id='word_1_44' title='bbox 637 1203 739 1263; x_wconf 85' lang='lat' dir='ltr'><strong>Carm.</strong></span> <span class='ocrx_word' id='word_1_45' title='bbox 751 1203 803 1280; x_wconf 90' lang='lat' dir='ltr'><strong>lV,</strong></span> <span class='ocrx_word' id='word_1_46' title='bbox 825 1200 875 1279; x_wconf 71' lang='lat' dir='ltr'><strong>ri,</strong></span> <span class='ocrx_word' id='word_1_47' title='bbox 890 1201 1009 1262; x_wconf 80' lang='lat'>51-52</span> <span class='ocrx_word' id='word_1_48' title='bbox 1018 1247 1028 1276; x_wconf 85' lang='lat'>,</span> <span class='ocrx_word' id='word_1_49' title='bbox 1038 1200 1116 1261; x_wconf 91' lang='lat' dir='ltr'><strong>dum</strong></span> <span class='ocrx_word' id='word_1_50' title='bbox 1131 1201 1259 1278; x_wconf 83' lang='lat' dir='ltr'><strong>scilicet,</strong></span> <span class='ocrx_word' id='word_1_51' title='bbox 1276 1202 1342 1260; x_wconf 79' lang='lat' dir='ltr'><strong>Au-</strong></span> 
     </span>
     <span class='ocr_line' id='line_1_9' title="bbox 279 1293 1343 1383; baseline -0.005 -22"><span class='ocrx_word' id='word_1_52' title='bbox 279 1311 370 1381; x_wconf 81' lang='lat' dir='ltr'><strong>gusto</strong></span> <span class='ocrx_word' id='word_1_53' title='bbox 391 1313 463 1382; x_wconf 86' lang='lat' dir='ltr'><strong>post</strong></span> <span class='ocrx_word' id='word_1_54' title='bbox 484 1299 605 1360; x_wconf 86' lang='lat' dir='ltr'><strong>cladem</strong></span> <span class='ocrx_word' id='word_1_55' title='bbox 632 1293 810 1361; x_wconf 80' lang='lat' dir='ltr'><strong>Lollianam</strong></span> <span class='ocrx_word' id='word_1_56' title='bbox 838 1301 924 1383; x_wconf 79' lang='lat' dir='ltr'><strong>(quae</strong></span> <span class='ocrx_word' id='word_1_57' title='bbox 950 1299 1125 1359; x_wconf 83' lang='lat' dir='ltr'><strong>secundum</strong></span> <span class='ocrx_word' id='word_1_58' title='bbox 1145 1299 1282 1374; x_wconf 85' lang='lat' dir='ltr'><strong>Dionem</strong></span> <span class='ocrx_word' id='word_1_59' title='bbox 1305 1299 1343 1357; x_wconf 88' lang='lat' dir='ltr'><strong>in</strong></span> 
     </span>
     <span class='ocr_line' id='line_1_10' title="bbox 278 1369 1342 1483; baseline -0.001 -24"><span class='ocrx_word' id='word_1_60' title='bbox 278 1417 401 1460; x_wconf 83' lang='lat' dir='ltr'><strong>annum</strong></span> <span class='ocrx_word' id='word_1_61' title='bbox 430 1399 654 1482; x_wconf 77' lang='lat' dir='ltr'><strong>preecedentem</strong></span> <span class='ocrx_word' id='word_1_62' title='bbox 685 1399 744 1483; x_wconf 88' lang='lat'><strong>738</strong></span> <span class='ocrx_word' id='word_1_63' title='bbox 772 1399 902 1477; x_wconf 89' lang='lat' dir='ltr'>incidit)</span> <span class='ocrx_word' id='word_1_64' title='bbox 927 1399 1069 1459; x_wconf 79' lang='lat' dir='ltr'><strong>Varianae</strong></span> <span class='ocrx_word' id='word_1_65' title='bbox 1094 1369 1342 1481; x_wconf 68' lang='lat' dir='ltr'><strong>comparandbnr</strong></span> 
     </span>
     <span class='ocr_line' id='line_1_11' title="bbox 279 1495 1343 1579; baseline -0.002 -21"><span class='ocrx_word' id='word_1_66' title='bbox 279 1497 368 1579; x_wconf 85' lang='lat' dir='ltr'><strong>(vide</strong></span> <span class='ocrx_word' id='word_1_67' title='bbox 381 1501 506 1560; x_wconf 87' lang='lat' dir='ltr'><strong>Sueton.</strong></span> <span class='ocrx_word' id='word_1_68' title='bbox 523 1500 630 1560; x_wconf 84' lang='lat' dir='ltr'><strong>Octev.</strong></span> <span class='ocrx_word' id='word_1_69' title='bbox 656 1497 713 1578; x_wconf 81' lang='lat'><strong>23)</strong></span> <span class='ocrx_word' id='word_1_70' title='bbox 735 1499 904 1560; x_wconf 85' lang='lat' dir='ltr'><strong>exercitum</strong></span> <span class='ocrx_word' id='word_1_71' title='bbox 927 1511 1037 1558; x_wconf 82' lang='lat' dir='ltr'><strong>contre</strong></span> <span class='ocrx_word' id='word_1_72' title='bbox 1063 1495 1134 1558; x_wconf 85' lang='lat' dir='ltr'><strong>illos</strong></span> <span class='ocrx_word' id='word_1_73' title='bbox 1149 1497 1343 1572; x_wconf 84' lang='lat' dir='ltr'><strong>adducente,</strong></span> 
     </span>
     <span class='ocr_line' id='line_1_12' title="bbox 280 1595 1341 1680; baseline -0.004 -22"><span class='ocrx_word' id='word_1_74' title='bbox 280 1598 314 1658; x_wconf 91' lang='lat' dir='ltr'><strong>in</strong></span> <span class='ocrx_word' id='word_1_75' title='bbox 328 1617 398 1660; x_wconf 82' lang='lat' dir='ltr'><strong>suas</strong></span> <span class='ocrx_word' id='word_1_76' title='bbox 421 1599 548 1679; x_wconf 74' lang='lat' dir='ltr'><strong>regressi</strong></span> <span class='ocrx_word' id='word_1_77' title='bbox 570 1609 686 1675; x_wconf 84' lang='lat' dir='ltr'><strong>terras,</strong></span> <span class='ocrx_word' id='word_1_78' title='bbox 703 1597 863 1660; x_wconf 84' lang='lat' dir='ltr'><strong>obsidibus</strong></span> <span class='ocrx_word' id='word_1_79' title='bbox 891 1595 987 1672; x_wconf 81' lang='lat' dir='ltr'><strong>datis,</strong></span> <span class='ocrx_word' id='word_1_80' title='bbox 1012 1617 1119 1680; x_wconf 84' lang='lat' dir='ltr'><strong>pacem</strong></span> <span class='ocrx_word' id='word_1_81' title='bbox 1144 1607 1341 1678; x_wconf 86' lang='lat' dir='ltr'><strong>acceperunt.</strong></span> 
     </span>
     <span class='ocr_line' id='line_1_13' title="bbox 280 1693 1340 1778; baseline -0.002 -24"><span class='ocrx_word' id='word_1_82' title='bbox 280 1695 360 1756; x_wconf 88' lang='lat' dir='ltr'><strong>Vide</strong></span> <span class='ocrx_word' id='word_1_83' title='bbox 384 1697 509 1778; x_wconf 80' lang='lat' dir='ltr'><strong>quein</strong></span> <span class='ocrx_word' id='word_1_84' title='bbox 535 1695 618 1758; x_wconf 88' lang='lat' dir='ltr'><strong>hanc</strong></span> <span class='ocrx_word' id='word_1_85' title='bbox 640 1717 706 1757; x_wconf 91' lang='lat' dir='ltr'><strong>rem</strong></span> <span class='ocrx_word' id='word_1_86' title='bbox 730 1695 901 1778; x_wconf 82' lang='lat' dir='ltr'><strong>disputavit</strong></span> <span class='ocrx_word' id='word_1_87' title='bbox 914 1695 1095 1770; x_wconf 79' lang='lat' dir='ltr'><strong>Massonus,</strong></span> <span class='ocrx_word' id='word_1_88' title='bbox 1116 1707 1183 1755; x_wconf 87' lang='lat' dir='ltr'><strong>tam</strong></span> <span class='ocrx_word' id='word_1_89' title='bbox 1212 1695 1248 1754; x_wconf 87' lang='lat' dir='ltr'><strong>in</strong></span> <span class='ocrx_word' id='word_1_90' title='bbox 1267 1693 1340 1752; x_wconf 74' lang='lat' dir='ltr'><strong>vita</strong></span> 
     </span>
     <span class='ocr_line' id='line_1_14' title="bbox 279 1787 1342 1875; baseline -0.003 -24"><span class='ocrx_word' id='word_1_91' title='bbox 279 1789 371 1852; x_wconf 86' lang='lat' dir='ltr'><strong>Ovid.</strong></span> <span class='ocrx_word' id='word_1_92' title='bbox 391 1791 432 1852; x_wconf 86' lang='lat' dir='ltr'><strong>ad</strong></span> <span class='ocrx_word' id='word_1_93' title='bbox 443 1787 475 1852; x_wconf 90' lang='lat' dir='ltr'><strong>h.</strong></span> <span class='ocrx_word' id='word_1_94' title='bbox 491 1813 519 1852; x_wconf 82' lang='lat' dir='ltr'><strong>u.</strong></span> <span class='ocrx_word' id='word_1_95' title='bbox 535 1813 633 1874; x_wconf 90' lang='lat' dir='ltr'><strong>quarn</strong></span> <span class='ocrx_word' id='word_1_96' title='bbox 646 1793 680 1852; x_wconf 90' lang='lat' dir='ltr'><strong>in</strong></span> <span class='ocrx_word' id='word_1_97' title='bbox 692 1793 765 1854; x_wconf 89' lang='lat' dir='ltr'><strong>Vita</strong></span> <span class='ocrx_word' id='word_1_98' title='bbox 782 1795 893 1856; x_wconf 87' lang='lat' dir='ltr'><strong>Horat.</strong></span> <span class='ocrx_word' id='word_1_99' title='bbox 912 1813 982 1875; x_wconf 78' lang='lat' dir='ltr'><strong>pag.</strong></span> <span class='ocrx_word' id='word_1_100' title='bbox 999 1792 1057 1872; x_wconf 84' lang='lat'><strong>3¹9</strong></span> <span class='ocrx_word' id='word_1_101' title='bbox 1071 1805 1103 1851; x_wconf 93' lang='lat' dir='ltr'><strong>et</strong></span> <span class='ocrx_word' id='word_1_102' title='bbox 1115 1787 1173 1866; x_wconf 66' lang='lat'><strong>343</strong></span> <span class='ocrx_word' id='word_1_103' title='bbox 1189 1811 1254 1872; x_wconf 84' lang='lat' dir='ltr'><strong>sqq.</strong></span> <span class='ocrx_word' id='word_1_104' title='bbox 1270 1791 1342 1849; x_wconf 89' lang='lat' dir='ltr'><strong>Hu-</strong></span> 
     </span>
     <span class='ocr_line' id='line_1_15' title="bbox 273 1884 1343 1972; baseline 0 -25"><span class='ocrx_word' id='word_1_105' title='bbox 273 1884 325 1968; x_wconf 85' lang='lat' dir='ltr'><strong>jus</strong></span> <span class='ocrx_word' id='word_1_106' title='bbox 340 1887 436 1970; x_wconf 78' lang='lat' dir='ltr'><strong>ipsine</strong></span> <span class='ocrx_word' id='word_1_107' title='bbox 456 1889 500 1948; x_wconf 86' lang='lat' dir='ltr'><strong>rei</strong></span> <span class='ocrx_word' id='word_1_108' title='bbox 511 1889 655 1948; x_wconf 86' lang='lat' dir='ltr'><strong>meminit</strong></span> <span class='ocrx_word' id='word_1_109' title='bbox 668 1909 793 1970; x_wconf 90' lang='lat' dir='ltr'><strong>quoque</strong></span> <span class='ocrx_word' id='word_1_110' title='bbox 809 1890 990 1972; x_wconf 90' lang='lat' dir='ltr'><strong>Propertius</strong></span> <span class='ocrx_word' id='word_1_111' title='bbox 1011 1887 1124 1948; x_wconf 83' lang='lat' dir='ltr'><strong>celebri</strong></span> <span class='ocrx_word' id='word_1_112' title='bbox 1139 1885 1194 1947; x_wconf 93' lang='lat' dir='ltr'><strong>illo</strong></span> <span class='ocrx_word' id='word_1_113' title='bbox 1208 1907 1305 1947; x_wconf 84' lang='lat' dir='ltr'><strong>carm.</strong></span> <span class='ocrx_word' id='word_1_114' title='bbox 1320 1887 1343 1947; x_wconf 88' lang='lat'>6</span> 
     </span>
     <span class='ocr_line' id='line_1_16' title="bbox 279 1985 1341 2070; baseline 0.001 -25"><span class='ocrx_word' id='word_1_115' title='bbox 279 1985 351 2046; x_wconf 90' lang='lat' dir='ltr'><strong>libri</strong></span> <span class='ocrx_word' id='word_1_116' title='bbox 369 1987 422 2062; x_wconf 88' lang='lat' dir='ltr'><strong>lV,</strong></span> <span class='ocrx_word' id='word_1_117' title='bbox 442 1985 527 2068; x_wconf 90' lang='lat' dir='ltr'><strong>quod</strong></span> <span class='ocrx_word' id='word_1_118' title='bbox 539 1986 618 2047; x_wconf 88' lang='lat' dir='ltr'><strong>adeo</strong></span> <span class='ocrx_word' id='word_1_119' title='bbox 638 1987 841 2048; x_wconf 82' lang='lat' dir='ltr'><strong>novissimam</strong></span> <span class='ocrx_word' id='word_1_120' title='bbox 858 1988 997 2048; x_wconf 90' lang='lat' dir='ltr'><strong>continet</strong></span> <span class='ocrx_word' id='word_1_121' title='bbox 1010 1987 1160 2070; x_wconf 83' lang='lat' dir='ltr'><strong>temporis</strong></span> <span class='ocrx_word' id='word_1_122' title='bbox 1178 1998 1288 2046; x_wconf 88' lang='lat' dir='ltr'><strong>notam</strong></span> <span class='ocrx_word' id='word_1_123' title='bbox 1306 1985 1341 2046; x_wconf 90' lang='lat' dir='ltr'><strong>in</strong></span> 
     </span>
     <span class='ocr_line' id='line_1_17' title="bbox 279 2080 1343 2166; baseline 0.001 -24"><span class='ocrx_word' id='word_1_124' title='bbox 279 2080 344 2164; x_wconf 81' lang='lat' dir='ltr'><strong>ejus</strong></span> <span class='ocrx_word' id='word_1_125' title='bbox 372 2085 583 2162; x_wconf 77' lang='lat' dir='ltr'><strong>carminibus,</strong></span> <span class='ocrx_word' id='word_1_126' title='bbox 602 2098 639 2146; x_wconf 92' lang='lat' dir='ltr'><strong>ut</strong></span> <span class='ocrx_word' id='word_1_127' title='bbox 658 2085 821 2166; x_wconf 78' lang='lat' dir='ltr'><strong>probabile</strong></span> <span class='ocrx_word' id='word_1_128' title='bbox 845 2087 885 2146; x_wconf 86' lang='lat' dir='ltr'><strong>sit</strong></span> <span class='ocrx_word' id='word_1_129' title='bbox 907 2083 966 2146; x_wconf 93' lang='lat' dir='ltr'><strong>hoc</strong></span> <span class='ocrx_word' id='word_1_130' title='bbox 988 2104 1114 2146; x_wconf 83' lang='lat' dir='ltr'><strong>carmen</strong></span> <span class='ocrx_word' id='word_1_131' title='bbox 1127 2081 1176 2143; x_wconf 85' lang='lat' dir='ltr'><strong>vel</strong></span> <span class='ocrx_word' id='word_1_132' title='bbox 1196 2080 1255 2142; x_wconf 88' lang='lat' dir='ltr'><strong>hoc</strong></span> <span class='ocrx_word' id='word_1_133' title='bbox 1272 2083 1343 2166; x_wconf 88' lang='lat' dir='ltr'><strong>ipso</strong></span> 
     </span>
     <span class='ocr_line' id='line_1_18' title="bbox 280 2172 1342 2263; baseline -0.001 -24"><span class='ocrx_word' id='word_1_134' title='bbox 280 2199 383 2256; x_wconf 85' lang='lat' dir='ltr'><strong>anno,</strong></span> <span class='ocrx_word' id='word_1_135' title='bbox 398 2181 448 2240; x_wconf 88' lang='lat' dir='ltr'><strong>vel</strong></span> <span class='ocrx_word' id='word_1_136' title='bbox 463 2181 521 2242; x_wconf 83' lang='lat' dir='ltr'><strong>sub</strong></span> <span class='ocrx_word' id='word_1_137' title='bbox 535 2181 630 2241; x_wconf 88' lang='lat' dir='ltr'><strong>finem</strong></span> <span class='ocrx_word' id='word_1_138' title='bbox 649 2181 851 2263; x_wconf 72' lang='lat' dir='ltr'><strong>praecedentis</strong></span> <span class='ocrx_word' id='word_1_139' title='bbox 865 2182 957 2259; x_wconf 84' lang='lat' dir='ltr'><strong>anni,</strong></span> <span class='ocrx_word' id='word_1_140' title='bbox 974 2172 1080 2242; x_wconf 82' lang='lat' dir='ltr'><strong>menae</strong></span> <span class='ocrx_word' id='word_1_141' title='bbox 1097 2179 1252 2263; x_wconf 89' lang='lat' dir='ltr'><strong>Septemb.</strong></span> <span class='ocrx_word' id='word_1_142' title='bbox 1267 2179 1342 2240; x_wconf 87' lang='lat' dir='ltr'><strong>scri-</strong></span> 
     </span>
     <span class='ocr_line' id='line_1_19' title="bbox 279 2277 1341 2362; baseline 0.001 -24"><span class='ocrx_word' id='word_1_143' title='bbox 279 2291 370 2360; x_wconf 90' lang='lat' dir='ltr'><strong>ptum</strong></span> <span class='ocrx_word' id='word_1_144' title='bbox 396 2300 478 2354; x_wconf 81' lang='lat' dir='ltr'><strong>etse,</strong></span> <span class='ocrx_word' id='word_1_145' title='bbox 501 2299 565 2361; x_wconf 89' lang='lat' dir='ltr'><strong>quo</strong></span> <span class='ocrx_word' id='word_1_146' title='bbox 584 2291 727 2362; x_wconf 87' lang='lat' dir='ltr'><strong>tempore</strong></span> <span class='ocrx_word' id='word_1_147' title='bbox 744 2280 895 2341; x_wconf 88' lang='lat' dir='ltr'><strong>nimirum</strong></span> <span class='ocrx_word' id='word_1_148' title='bbox 916 2279 984 2341; x_wconf 94' lang='lat' dir='ltr'><strong>ludi</strong></span> <span class='ocrx_word' id='word_1_149' title='bbox 1003 2278 1270 2362; x_wconf 84' lang='lat' dir='ltr'><strong>quinquennales,</strong></span> <span class='ocrx_word' id='word_1_150' title='bbox 1299 2277 1341 2340; x_wconf 86' lang='lat' dir='ltr'><strong>ab</strong></span> 
     </span>
     <span class='ocr_line' id='line_1_20' title="bbox 279 2374 1342 2457; baseline 0.002 -23"><span class='ocrx_word' id='word_1_151' title='bbox 279 2376 419 2457; x_wconf 70' lang='lat' dir='ltr'><strong>Augusto</strong></span> <span class='ocrx_word' id='word_1_152' title='bbox 440 2377 475 2436; x_wconf 93' lang='lat' dir='ltr'><strong>in</strong></span> <span class='ocrx_word' id='word_1_153' title='bbox 495 2377 677 2437; x_wconf 88' lang='lat' dir='ltr'><strong>memoriam</strong></span> <span class='ocrx_word' id='word_1_154' title='bbox 706 2377 836 2438; x_wconf 74' lang='lat' dir='ltr'><strong>Actiacae</strong></span> <span class='ocrx_word' id='word_1_155' title='bbox 861 2377 997 2438; x_wconf 68' lang='lat' dir='ltr'><strong>victoriae</strong></span> <span class='ocrx_word' id='word_1_156' title='bbox 1019 2376 1173 2453; x_wconf 83' lang='lat' dir='ltr'><strong>instituti,</strong></span> <span class='ocrx_word' id='word_1_157' title='bbox 1194 2374 1342 2436; x_wconf 82' lang='lat' dir='ltr'><strong>celebrati</strong></span> 
     </span>
     <span class='ocr_line' id='line_1_21' title="bbox 280 2471 1340 2558; baseline 0 -26"><span class='ocrx_word' id='word_1_158' title='bbox 280 2471 367 2534; x_wconf 87' lang='lat' dir='ltr'><strong>fuere</strong></span> <span class='ocrx_word' id='word_1_159' title='bbox 379 2473 551 2536; x_wconf 81' lang='lat' dir='ltr'><strong>secundnm</strong></span> <span class='ocrx_word' id='word_1_160' title='bbox 564 2475 658 2535; x_wconf 92' lang='lat' dir='ltr'><strong>Dion.</strong></span> <span class='ocrx_word' id='word_1_161' title='bbox 677 2475 756 2536; x_wconf 82' lang='lat' dir='ltr'><strong>LIV.</strong></span> <span class='ocrx_word' id='word_1_162' title='bbox 769 2475 850 2536; x_wconf 87' lang='lat' dir='ltr'><strong>Nam</strong></span> <span class='ocrx_word' id='word_1_163' title='bbox 868 2475 971 2558; x_wconf 89' lang='lat' dir='ltr'><strong>potuit</strong></span> <span class='ocrx_word' id='word_1_164' title='bbox 982 2473 1160 2556; x_wconf 82' lang='lat' dir='ltr'><strong>Propertius</strong></span> <span class='ocrx_word' id='word_1_165' title='bbox 1175 2485 1340 2554; x_wconf 83' lang='lat' dir='ltr'><strong>tamquam</strong></span> 
     </span>
     <span class='ocr_line' id='line_1_22' title="bbox 280 2569 1251 2654; baseline -0.001 -26"><span class='ocrx_word' id='word_1_166' title='bbox 280 2582 363 2631; x_wconf 79' lang='lat' dir='ltr'><strong>vates</strong></span> <span class='ocrx_word' id='word_1_167' title='bbox 378 2570 472 2630; x_wconf 86' lang='lat' dir='ltr'><strong>etiam</strong></span> <span class='ocrx_word' id='word_1_168' title='bbox 489 2569 574 2632; x_wconf 91' lang='lat' dir='ltr'><strong>dere</strong></span> <span class='ocrx_word' id='word_1_169' title='bbox 588 2583 670 2631; x_wconf 90' lang='lat' dir='ltr'><strong>certo</strong></span> <span class='ocrx_word' id='word_1_170' title='bbox 680 2582 802 2653; x_wconf 80' lang='lat' dir='ltr'><strong>sperata</strong></span> <span class='ocrx_word' id='word_1_171' title='bbox 813 2582 844 2632; x_wconf 91' lang='lat' dir='ltr'><strong>et</strong></span> <span class='ocrx_word' id='word_1_172' title='bbox 853 2571 991 2654; x_wconf 86' lang='lat' dir='ltr'><strong>proxime</strong></span> <span class='ocrx_word' id='word_1_173' title='bbox 1004 2569 1111 2631; x_wconf 78' lang='lat' dir='ltr'><strong>future</strong></span> <span class='ocrx_word' id='word_1_174' title='bbox 1122 2589 1251 2630; x_wconf 79' lang='lat' dir='ltr'><strong>canere:</strong></span> 
     </span>
    </p>
   </div>
   <div class='ocr_carea' id='block_1_5' title="bbox 467 2729 1023 2794">
    <p class='ocr_par' dir='ltr' id='par_1_5' title="bbox 467 2729 1023 2794">
     <span class='ocr_line' id='line_1_23' title="bbox 467 2729 1023 2794; baseline -0.002 -15"><span class='ocrx_word' id='word_1_175' title='bbox 467 2729 647 2794; x_wconf 80' lang='lat' dir='ltr'><strong>lllepaludoaoa</strong></span> <span class='ocrx_word' id='word_1_176' title='bbox 655 2743 772 2779; x_wconf 86' lang='lat' dir='ltr'><strong>memoret</strong></span> <span class='ocrx_word' id='word_1_177' title='bbox 780 2733 869 2779; x_wconf 81' lang='lat' dir='ltr'><strong>terrire</strong></span> <span class='ocrx_word' id='word_1_178' title='bbox 877 2729 1023 2788; x_wconf 72' lang='lat' dir='ltr'><strong>Sicambros,</strong></span> 
     </span>
    </p>
   </div>
   <div class='ocr_carea' id='block_1_6' title="bbox 243 2869 1344 3930">
    <p class='ocr_par' dir='ltr' id='par_1_6' title="bbox 243 2869 1344 3930">
     <span class='ocr_line' id='line_1_24' title="bbox 243 2869 1342 2954; baseline 0 -24"><span class='ocrx_word' id='word_1_179' title='bbox 243 2879 247 2888; x_wconf 81' lang='grc'><strong>“</strong></span> <span class='ocrx_word' id='word_1_180' title='bbox 281 2891 370 2932; x_wconf 83' lang='lat' dir='ltr'><strong>versu</strong></span> <span class='ocrx_word' id='word_1_181' title='bbox 395 2891 445 2954; x_wconf 89' lang='lat'><strong>77.</strong></span> <span class='ocrx_word' id='word_1_182' title='bbox 462 2871 503 2932; x_wconf 88' lang='lat' dir='ltr'><strong>Et</strong></span> <span class='ocrx_word' id='word_1_183' title='bbox 521 2871 644 2934; x_wconf 85' lang='lat' dir='ltr'><strong>videtur</strong></span> <span class='ocrx_word' id='word_1_184' title='bbox 666 2893 739 2934; x_wconf 83' lang='lat' dir='ltr'><strong>eane</strong></span> <span class='ocrx_word' id='word_1_185' title='bbox 761 2869 819 2933; x_wconf 90' lang='lat' dir='ltr'><strong>hoc</strong></span> <span class='ocrx_word' id='word_1_186' title='bbox 837 2892 962 2932; x_wconf 86' lang='lat' dir='ltr'><strong>carmen</strong></span> <span class='ocrx_word' id='word_1_187' title='bbox 977 2873 1011 2932; x_wconf 92' lang='lat' dir='ltr'><strong>in</strong></span> <span class='ocrx_word' id='word_1_188' title='bbox 1033 2870 1089 2932; x_wconf 86' lang='lat' dir='ltr'><strong>illa</strong></span> <span class='ocrx_word' id='word_1_189' title='bbox 1106 2869 1283 2932; x_wconf 88' lang='lat' dir='ltr'><strong>celebritate</strong></span> <span class='ocrx_word' id='word_1_190' title='bbox 1306 2870 1342 2930; x_wconf 92' lang='lat' dir='ltr'><strong>in</strong></span> 
     </span>
     <span class='ocr_line' id='line_1_25' title="bbox 280 2965 1342 3053; baseline -0.003 -25"><span class='ocrx_word' id='word_1_191' title='bbox 280 2967 437 3029; x_wconf 89' lang='lat' dir='ltr'><strong>honorem</strong></span> <span class='ocrx_word' id='word_1_192' title='bbox 446 2969 575 3052; x_wconf 77' lang='lat' dir='ltr'><strong>Augusti</strong></span> <span class='ocrx_word' id='word_1_193' title='bbox 587 2969 735 3053; x_wconf 83' lang='lat' dir='ltr'><strong>scriptum</strong></span> <span class='ocrx_word' id='word_1_194' title='bbox 749 2991 812 3030; x_wconf 83' lang='lat' dir='ltr'><strong>esee</strong></span> <span class='ocrx_word' id='word_1_195' title='bbox 824 2969 864 3030; x_wconf 88' lang='lat' dir='ltr'><strong>ab</strong></span> <span class='ocrx_word' id='word_1_196' title='bbox 877 2967 1003 3029; x_wconf 78' lang='lat' dir='ltr'><strong>Aurelio</strong></span> <span class='ocrx_word' id='word_1_197' title='bbox 1017 2981 1141 3044; x_wconf 84' lang='lat' dir='ltr'><strong>nostro;</strong></span> <span class='ocrx_word' id='word_1_198' title='bbox 1154 2980 1190 3028; x_wconf 91' lang='lat' dir='ltr'><strong>ut</strong></span> <span class='ocrx_word' id='word_1_199' title='bbox 1201 2965 1277 3028; x_wconf 84' lang='lat' dir='ltr'><strong>adeo</strong></span> <span class='ocrx_word' id='word_1_200' title='bbox 1290 2965 1342 3026; x_wconf 90' lang='lat' dir='ltr'><strong>vel</strong></span> 
     </span>
     <span class='ocr_line' id='line_1_26' title="bbox 281 3061 1342 3148; baseline -0.002 -24"><span class='ocrx_word' id='word_1_201' title='bbox 281 3063 340 3126; x_wconf 90' lang='lat' dir='ltr'><strong>boc</strong></span> <span class='ocrx_word' id='word_1_202' title='bbox 356 3078 475 3126; x_wconf 82' lang='lat' dir='ltr'><strong>sextum</strong></span> <span class='ocrx_word' id='word_1_203' title='bbox 488 3065 537 3127; x_wconf 90' lang='lat' dir='ltr'><strong>vel</strong></span> <span class='ocrx_word' id='word_1_204' title='bbox 551 3066 754 3128; x_wconf 89' lang='lat' dir='ltr'><strong>undecimum</strong></span> <span class='ocrx_word' id='word_1_205' title='bbox 765 3066 839 3128; x_wconf 90' lang='lat' dir='ltr'><strong>libri</strong></span> <span class='ocrx_word' id='word_1_206' title='bbox 857 3068 961 3148; x_wconf 85' lang='lat' dir='ltr'><strong>quarti</strong></span> <span class='ocrx_word' id='word_1_207' title='bbox 977 3087 1036 3148; x_wconf 90' lang='lat' dir='ltr'><strong>pro</strong></span> <span class='ocrx_word' id='word_1_208' title='bbox 1053 3066 1239 3140; x_wconf 82' lang='lat' dir='ltr'><strong>novissimo,</strong></span> <span class='ocrx_word' id='word_1_209' title='bbox 1256 3061 1342 3144; x_wconf 89' lang='lat' dir='ltr'><strong>quod</strong></span> 
     </span>
     <span class='ocr_line' id='line_1_27' title="bbox 273 3161 1342 3248; baseline -0.003 -25"><span class='ocrx_word' id='word_1_210' title='bbox 273 3183 318 3245; x_wconf 89' lang='lat' dir='ltr'><strong>ex</strong></span> <span class='ocrx_word' id='word_1_211' title='bbox 341 3163 470 3246; x_wconf 77' lang='lat' dir='ltr'><strong>ingenio</strong></span> <span class='ocrx_word' id='word_1_212' title='bbox 495 3165 651 3248; x_wconf 83' lang='lat' dir='ltr'><strong>Propertii</strong></span> <span class='ocrx_word' id='word_1_213' title='bbox 676 3163 817 3242; x_wconf 85' lang='lat' dir='ltr'><strong>fluxerit,</strong></span> <span class='ocrx_word' id='word_1_214' title='bbox 842 3163 1021 3226; x_wconf 84' lang='lat' dir='ltr'><strong>habendum</strong></span> <span class='ocrx_word' id='word_1_215' title='bbox 1046 3164 1094 3223; x_wconf 85' lang='lat' dir='ltr'><strong>eit.</strong></span> <span class='ocrx_word' id='word_1_216' title='bbox 1117 3165 1198 3224; x_wconf 85' lang='lat' dir='ltr'><strong>Nam</strong></span> <span class='ocrx_word' id='word_1_217' title='bbox 1221 3161 1342 3244; x_wconf 88' lang='lat' dir='ltr'><strong>reliqua</strong></span> 
     </span>
     <span class='ocr_line' id='line_1_28' title="bbox 281 3249 1341 3342; baseline -0.003 -23"><span class='ocrx_word' id='word_1_218' title='bbox 281 3261 403 3335; x_wconf 83' lang='lat' dir='ltr'><strong>omnia,</strong></span> <span class='ocrx_word' id='word_1_219' title='bbox 415 3279 484 3342; x_wconf 82' lang='lat' dir='ltr'><strong>quoe</strong></span> <span class='ocrx_word' id='word_1_220' title='bbox 496 3257 549 3320; x_wconf 92' lang='lat' dir='ltr'><strong>ille</strong></span> <span class='ocrx_word' id='word_1_221' title='bbox 562 3261 701 3322; x_wconf 86' lang='lat' dir='ltr'><strong>continet</strong></span> <span class='ocrx_word' id='word_1_222' title='bbox 716 3259 812 3336; x_wconf 86' lang='lat' dir='ltr'><strong>liber,</strong></span> <span class='ocrx_word' id='word_1_223' title='bbox 825 3259 1019 3321; x_wconf 80' lang='lat' dir='ltr'><strong>hauddubie</strong></span> <span class='ocrx_word' id='word_1_224' title='bbox 1035 3259 1076 3320; x_wconf 80' lang='lat' dir='ltr'><strong>ab</strong></span> <span class='ocrx_word' id='word_1_225' title='bbox 1087 3249 1188 3320; x_wconf 78' lang='lat' dir='ltr'><strong>emico</strong></span> <span class='ocrx_word' id='word_1_226' title='bbox 1201 3255 1341 3341; x_wconf 86' lang='lat' dir='ltr'><strong>quodam</strong></span> 
     </span>
     <span class='ocr_line' id='line_1_29' title="bbox 281 3351 1342 3436; baseline -0.003 -21"><span class='ocrx_word' id='word_1_227' title='bbox 281 3367 379 3436; x_wconf 65' lang='lat' dir='ltr'><strong>poetae</strong></span> <span class='ocrx_word' id='word_1_228' title='bbox 394 3365 609 3436; x_wconf 84' lang='lat' dir='ltr'><strong>postmortem</strong></span> <span class='ocrx_word' id='word_1_229' title='bbox 627 3351 712 3414; x_wconf 80' lang='lat' dir='ltr'><strong>illiue</strong></span> <span class='ocrx_word' id='word_1_230' title='bbox 732 3353 848 3430; x_wconf 72' lang='lat' dir='ltr'><strong>editus,</strong></span> <span class='ocrx_word' id='word_1_231' title='bbox 864 3365 997 3436; x_wconf 79' lang='lat' dir='ltr'><strong>possunt</strong></span> <span class='ocrx_word' id='word_1_232' title='bbox 1018 3355 1120 3416; x_wconf 88' lang='lat' dir='ltr'><strong>multo</strong></span> <span class='ocrx_word' id='word_1_233' title='bbox 1136 3365 1209 3415; x_wconf 88' lang='lat' dir='ltr'><strong>ante</strong></span> <span class='ocrx_word' id='word_1_234' title='bbox 1226 3353 1342 3435; x_wconf 79' lang='lat' dir='ltr'><strong>scriptu</strong></span> 
     </span>
     <span class='ocr_line' id='line_1_30' title="bbox 281 3449 1344 3536; baseline -0.002 -24"><span class='ocrx_word' id='word_1_235' title='bbox 281 3470 364 3528; x_wconf 77' lang='lat' dir='ltr'><strong>ease,</strong></span> <span class='ocrx_word' id='word_1_236' title='bbox 383 3451 526 3533; x_wconf 82' lang='lat' dir='ltr'><strong>inprimis</strong></span> <span class='ocrx_word' id='word_1_237' title='bbox 543 3451 671 3510; x_wconf 89' lang='lat' dir='ltr'><strong>tertium</strong></span> <span class='ocrx_word' id='word_1_238' title='bbox 688 3449 745 3530; x_wconf 83' lang='lat' dir='ltr'><strong>(ci.</strong></span> <span class='ocrx_word' id='word_1_239' title='bbox 766 3471 859 3535; x_wconf 84' lang='lat' dir='ltr'><strong>eupra</strong></span> <span class='ocrx_word' id='word_1_240' title='bbox 875 3449 916 3512; x_wconf 82' lang='lat' dir='ltr'><strong>ad</strong></span> <span class='ocrx_word' id='word_1_241' title='bbox 932 3451 968 3512; x_wconf 79' lang='grc' dir='ltr'><strong>Δ.</strong></span> <span class='ocrx_word' id='word_1_242' title='bbox 990 3453 1029 3511; x_wconf 88' lang='lat' dir='ltr'><strong>U.</strong></span> <span class='ocrx_word' id='word_1_243' title='bbox 1043 3451 1139 3536; x_wconf 63' lang='grc' dir='ltr'><strong>73ης</strong></span> <span class='ocrx_word' id='word_1_244' title='bbox 1151 3471 1251 3533; x_wconf 85' lang='lat' dir='ltr'><strong>quum</strong></span> <span class='ocrx_word' id='word_1_245' title='bbox 1268 3449 1344 3510; x_wconf 80' lang='lat' dir='ltr'><strong>ovi·</strong></span> 
     </span>
     <span class='ocr_line' id='line_1_31' title="bbox 280 3547 1341 3633; baseline 0.002 -25"><span class='ocrx_word' id='word_1_246' title='bbox 280 3549 352 3610; x_wconf 78' lang='lat' dir='ltr'><strong>diue</strong></span> <span class='ocrx_word' id='word_1_247' title='bbox 364 3570 491 3633; x_wconf 88' lang='lat' dir='ltr'><strong>quoque</strong></span> <span class='ocrx_word' id='word_1_248' title='bbox 502 3547 646 3632; x_wconf 78' lang='lat' dir='ltr'><strong>epistolas</strong></span> <span class='ocrx_word' id='word_1_249' title='bbox 658 3549 809 3612; x_wconf 86' lang='lat' dir='ltr'><strong>Heroidd.</strong></span> <span class='ocrx_word' id='word_1_250' title='bbox 822 3550 862 3612; x_wconf 85' lang='lat' dir='ltr'><strong>ad</strong></span> <span class='ocrx_word' id='word_1_251' title='bbox 873 3548 935 3632; x_wconf 86' lang='lat' dir='ltr'><strong>hoc¹</strong></span> <span class='ocrx_word' id='word_1_252' title='bbox 947 3549 1124 3632; x_wconf 84' lang='lat' dir='ltr'><strong>exemplum</strong></span> <span class='ocrx_word' id='word_1_253' title='bbox 1138 3549 1341 3632; x_wconf 75' lang='lat' dir='ltr'><strong>compositos,</strong></span> 
     </span>
     <span class='ocr_line' id='line_1_32' title="bbox 288 3647 1341 3732; baseline 0 -24"><span class='ocrx_word' id='word_1_254' title='bbox 288 3647 384 3729; x_wconf 84' lang='lat' dir='ltr'><strong>paulo</strong></span> <span class='ocrx_word' id='word_1_255' title='bbox 404 3661 473 3730; x_wconf 85' lang='lat' dir='ltr'><strong>post</strong></span> <span class='ocrx_word' id='word_1_256' title='bbox 492 3648 526 3710; x_wconf 93' lang='lat' dir='ltr'><strong>id</strong></span> <span class='ocrx_word' id='word_1_257' title='bbox 548 3663 671 3732; x_wconf 76' lang='lat' dir='ltr'><strong>tempus</strong></span> <span class='ocrx_word' id='word_1_258' title='bbox 693 3648 833 3710; x_wconf 89' lang='lat' dir='ltr'><strong>ediderit.</strong></span> <span class='ocrx_word' id='word_1_259' title='bbox 858 3649 993 3709; x_wconf 87' lang='lat' dir='ltr'><strong>Carmen</strong></span> <span class='ocrx_word' id='word_1_260' title='bbox 1011 3649 1179 3732; x_wconf 84' lang='lat' dir='ltr'><strong>septimum</strong></span> <span class='ocrx_word' id='word_1_261' title='bbox 1193 3667 1288 3720; x_wconf 52' lang='lat' dir='ltr'><strong>vero,</strong></span> <span class='ocrx_word' id='word_1_262' title='bbox 1305 3647 1341 3708; x_wconf 87' lang='lat' dir='ltr'><strong>in</strong></span> 
     </span>
     <span class='ocr_line' id='line_1_33' title="bbox 282 3742 1342 3830; baseline -0.001 -26"><span class='ocrx_word' id='word_1_263' title='bbox 282 3757 416 3804; x_wconf 89' lang='lat' dir='ltr'><strong>mortem</strong></span> <span class='ocrx_word' id='word_1_264' title='bbox 428 3744 587 3828; x_wconf 70' lang='lat' dir='ltr'><strong>Cynthiae,</strong></span> <span class='ocrx_word' id='word_1_265' title='bbox 606 3747 701 3806; x_wconf 81' lang='lat' dir='ltr'><strong>etiem</strong></span> <span class='ocrx_word' id='word_1_266' title='bbox 716 3759 788 3808; x_wconf 90' lang='lat' dir='ltr'><strong>ante</strong></span> <span class='ocrx_word' id='word_1_267' title='bbox 804 3745 953 3830; x_wconf 85' lang='lat' dir='ltr'><strong>scriptum</strong></span> <span class='ocrx_word' id='word_1_268' title='bbox 972 3747 1013 3807; x_wconf 85' lang='lat' dir='ltr'><strong>ait</strong></span> <span class='ocrx_word' id='word_1_269' title='bbox 1035 3757 1173 3830; x_wconf 86' lang='lat' dir='ltr'><strong>oportet,</strong></span> <span class='ocrx_word' id='word_1_270' title='bbox 1190 3742 1342 3826; x_wconf 88' lang='lat' dir='ltr'><strong>quemad·</strong></span> 
     </span>
     <span class='ocr_line' id='line_1_34' title="bbox 283 3841 1340 3930; baseline 0.001 -27"><span class='ocrx_word' id='word_1_271' title='bbox 283 3841 414 3904; x_wconf 91' lang='lat' dir='ltr'><strong>modum</strong></span> <span class='ocrx_word' id='word_1_272' title='bbox 427 3857 571 3904; x_wconf 86' lang='lat' dir='ltr'><strong>octavum</strong></span> <span class='ocrx_word' id='word_1_273' title='bbox 585 3847 619 3906; x_wconf 92' lang='lat' dir='ltr'><strong>in</strong></span> <span class='ocrx_word' id='word_1_274' title='bbox 631 3843 731 3906; x_wconf 90' lang='lat' dir='ltr'><strong>multo</strong></span> <span class='ocrx_word' id='word_1_275' title='bbox 749 3845 838 3928; x_wconf 86' lang='lat' dir='ltr'><strong>prius</strong></span> <span class='ocrx_word' id='word_1_276' title='bbox 858 3859 982 3930; x_wconf 85' lang='lat' dir='ltr'><strong>tempus</strong></span> <span class='ocrx_word' id='word_1_277' title='bbox 997 3844 1122 3921; x_wconf 82' lang='lat' dir='ltr'><strong>incidit3</strong></span> <span class='ocrx_word' id='word_1_278' title='bbox 1137 3845 1220 3925; x_wconf 90' lang='lat' dir='ltr'><strong>quod</strong></span> <span class='ocrx_word' id='word_1_279' title='bbox 1234 3857 1340 3904; x_wconf 89' lang='lat' dir='ltr'><strong>tamen</strong></span> 
     </span>
    </p>
   </div>
   <div class='ocr_carea' id='block_1_7' title="bbox 283 3943 1342 4028">
    <p class='ocr_par' dir='ltr' id='par_1_7' title="bbox 283 3943 1342 4028">
     <span class='ocr_line' id='line_1_35' title="bbox 283 3943 1342 4028; baseline 0.001 -25"><span class='ocrx_word' id='word_1_280' title='bbox 283 3953 393 4025; x_wconf 84' lang='lat' dir='ltr'><strong>poete,</strong></span> <span class='ocrx_word' id='word_1_281' title='bbox 404 3943 476 4004; x_wconf 85' lang='lat' dir='ltr'><strong>viva</strong></span> <span class='ocrx_word' id='word_1_282' title='bbox 485 3943 586 4005; x_wconf 84' lang='lat' dir='ltr'><strong>adhuc</strong></span> <span class='ocrx_word' id='word_1_283' title='bbox 599 3943 752 4028; x_wconf 78' lang='lat' dir='ltr'><strong>Cynthia,</strong></span> <span class='ocrx_word' id='word_1_284' title='bbox 762 3943 853 4006; x_wconf 82' lang='lat' dir='ltr'><strong>edere</strong></span> <span class='ocrx_word' id='word_1_285' title='bbox 863 3945 991 4008; x_wconf 81' lang='lat' dir='ltr'><strong>fortasse</strong></span> <span class='ocrx_word' id='word_1_286' title='bbox 1001 3943 1114 4006; x_wconf 89' lang='lat' dir='ltr'><strong>noluit.</strong></span> <span class='ocrx_word' id='word_1_287' title='bbox 1126 3945 1232 4022; x_wconf 86' lang='lat' dir='ltr'><strong>Quum</strong></span> <span class='ocrx_word' id='word_1_288' title='bbox 1245 3943 1342 4025; x_wconf 75' lang='lat' dir='ltr'><strong>igitur</strong></span> 
     </span>
    </p>
   </div>
   <div class='ocr_carea' id='block_1_8' title="bbox 218 4105 864 4190">
    <p class='ocr_par' dir='ltr' id='par_1_8' title="bbox 218 4105 864 4190">
     <span class='ocr_line' id='line_1_36' title="bbox 218 4105 864 4190; baseline 0.003 -22"><span class='ocrx_word' id='word_1_289' title='bbox 218 4119 219 4122; x_wconf 76' lang='grc'>’</span> <span class='ocrx_word' id='word_1_290' title='bbox 323 4131 346 4168; x_wconf 87' lang='lat' dir='ltr'><strong>t.</strong></span> <span class='ocrx_word' id='word_1_291' title='bbox 361 4114 427 4168; x_wconf 85' lang='lat' dir='ltr'><strong>Vide</strong></span> <span class='ocrx_word' id='word_1_292' title='bbox 441 4129 498 4170; x_wconf 88' lang='lat' dir='ltr'><strong>not.</strong></span> <span class='ocrx_word' id='word_1_293' title='bbox 515 4117 548 4170; x_wconf 81' lang='lat' dir='ltr'><strong>ed</strong></span> <span class='ocrx_word' id='word_1_294' title='bbox 563 4105 691 4190; x_wconf 84' lang='lat' dir='ltr'><strong>Propertii</strong></span> <span class='ocrx_word' id='word_1_295' title='bbox 705 4117 804 4172; x_wconf 85' lang='lat' dir='ltr'><strong>locum.</strong></span> <span class='ocrx_word' id='word_1_296' title='bbox 818 4119 864 4170; x_wconf 86' lang='lat' dir='ltr'><strong>En.</strong></span> 
     </span>
    </p>
   </div>
   <div class='ocr_carea' id='block_1_9' title="bbox 0 0 1476 4974">
    <p class='ocr_par' dir='ltr' id='par_1_9' title="bbox 0 0 1476 4974">
     <span class='ocr_line' id='line_1_37' title="bbox 0 0 1476 4974; baseline 0 0"><span class='ocrx_word' id='word_1_297' title='bbox 0 0 1476 4974; x_wconf 95' lang='lat' dir='ltr'><strong> </strong></span> 
     </span>
    </p>
   </div>
  </div>
 </body>
</html>
