2826 4978
328 473 391 534 522
618 466 879 532 PROPERTll
906 466 994 532 LlB.
1023 469 1080 530 lV.

419 601 549 662 Mutato
561 591 652 661 volui
666 609 776 660 castra
788 616 926 662 movere
938 609 1023 664 toro.

371 703 498 799 Phyllis
509 705 684 772 Aventinae
696 701 854 797 quaedam
866 720 918 774 est
929 706 1039 773 vicina
1051 707 1180 789 Dianae,

418 817 536 888 Sobria
548 833 643 910 grata
655 841 779 911 parum
794 845 801 883 t
816 843 924 913 quum
935 817 1039 902 bibit,
1051 803 1259 890 outnedecet.
1317 832 1341 883 tn
1368 887 1370 892 .

372 927 485 996 Altera
495 929 659 1020 Tarpeios
670 943 722 996 est
733 929 822 996 inter
834 930 916 996 Teia
928 927 1042 1011 lucos,

417 1034 588 1106 Candida:
603 1037 664 1106 sed
677 1053 768 1130 potae
779 1062 849 1106 non
861 1041 942 1110 satis
953 1062 1045 1108 unus
1057 1043 1130 1110 erit.

373 1150 433 1216 His
445 1171 507 1240 ego
519 1149 678 1216 constitui
690 1164 826 1216 noctem
837 1147 943 1218 lenire
955 1151 1098 1232 vocatis,

418 1264 460 1327 Et
472 1265 605 1328 Venere
616 1261 732 1351 ignota
743 1259 836 1328 furta
846 1283 974 1328 novare
986 1283 1072 1328 mea.

372 1377 467 1440 Unus
480 1387 552 1438 erat
564 1367 672 1438 tribus
684 1373 720 1438 in
733 1388 863 1440 secreta
872 1372 1018 1442 lectulus
1030 1371 1148 1442 herba.
1319 1383 1345 1433 35

420 1483 551 1567 Quaeris
564 1479 784 1548 concubitus?
795 1483 884 1550 inter
895 1499 1076 1577 utramque
1087 1483 1148 1551 sui.

356 1667 360 1676 ,
372 1591 566 1685 Lygdamus
578 1591 622 1660 ad
636 1591 795 1684 cyathos,
808 1595 953 1688 vitrique
965 1596 1080 1662 aestiva
1093 1594 1253 1688 supellex,

418 1705 461 1768 Et
471 1701 693 1795 Methymnaei
705 1704 806 1772 Graia
819 1702 924 1771 saliva
935 1707 1033 1772 meri.

375 1811 502 1880 Nilotes
514 1811 639 1880 tibicen
650 1829 738 1895 erat,
750 1811 952 1880 crotalistria
964 1812 1108 1906 Phyllis,

398 1901 403 1916 ’
420 1927 462 1988 Et
473 1917 708 2015 facilisspergi
718 1920 848 1990 munda
859 1925 932 1992 sine
944 1940 1016 1992 arte
1027 1948 1116 1994 rosa.
1325 1930 1351 1996 tu

373 2038 489 2101 Nanus
502 2049 535 2101 et
546 2037 619 2128 ipse
632 2058 712 2103 suos
726 2033 874 2104 breviter
885 2052 1064 2104 concretus
1077 2039 1113 2103 in
1125 2052 1220 2104 anus
1239 2087 1241 2092 ,

420 2144 575 2212 lactabat
586 2161 725 2214 truncas
737 2144 875 2239 adlcava
886 2147 978 2217 buxa
989 2170 1123 2216 manus.
1318 2132 1320 2138 ⁵

364 2351 406 2406 29.
439 2333 534 2390 Vicina
556 2335 695 2390 Aventinae
722 2336 835 2406 Dianoe,
883 2339 964 2394 omia
978 2339 1062 2394 saliua
1078 2340 1153 2392 meri.
1169 2337 1255 2392 Salina
1270 2348 1351 2406 prosa·

328 2430 386 2483 quae
398 2414 426 2464 iu
435 2413 568 2466 Aventino
582 2415 616 2467 ad
631 2413 760 2487 templum
774 2418 835 2469 Dia·
881 2437 955 2490 pore.
966 2419 1084 2486 Plinius,
1096 2421 1164 2472 Hist.
1173 2419 1234 2472 Nat.
1242 2413 1325 2478 Xlllll,
1335 2427 1354 2470 Ι,

326 2510 367 2544 ure
382 2489 493 2544 habitat.
508 2524 545 2534 -
560 2495 647 2566 Quum
663 2495 744 2562 bibit,
758 2515 836 2549 omne
881 2519 929 2554 seu
946 2517 978 2552 aa
997 2521 1003 2550 :
1025 2501 1101 2554 «Sua
1118 2501 1215 2570 cuique
1230 2497 1285 2551 uiuo
1295 2489 1354 2547 sulit·

327 2571 416 2632 decen
434 2569 524 2642 placet
542 2592 588 2640 ea,
611 2571 742 2646 quidquid
764 2588 834 2646 agat.
881 2579 1115 2646 innocentissima,
1138 2596 1187 2632 sua
1210 2577 1296 2646 cuique
1310 2580 1355 2622 ³¹⁸³

363 2649 407 2703 31.
421 2651 544 2723 Tarpeios
555 2651 625 2706 inter
634 2653 720 2720 lucos,
731 2655 758 2704 in
768 2653 836 2707 lucie
880 2661 1048 2730 gratissima,
1067 2657 1121 2710 hoc
1135 2669 1191 2723 est,
1204 2653 1318 2712 ,medic-¹
1332 2673 1356 2687 “

327 2731 398 2781 inter
416 2729 577 2802 Capitolium
585 2743 623 2798 yet
643 2732 782 2804 Campum.
801 2763 837 2772 —
881 2735 1064 2807 Methpnnoei.
1080 2736 1148 2790 Vide
1168 2738 1196 2804 1,
1219 2733 1263 2801 14,
1280 2750 1300 2786 a.
1314 2729 1356 2782 llt·

329 2811 464 2880 Candida,
474 2827 603 2874 venusta3
614 2815 652 2866 sic
662 2811 776 2866 eandida
786 2813 838 2885 Ty·
882 2815 990 2889 thymna
1000 2854 1008 2881 ,
1020 2816 1085 2870 urbs
1097 2818 1126 2868 in
1136 2815 1231 2869 Lesbo.

329 2891 778 2960 roll,a8,51.Videlll,al,8.
919 2895 963 2964 39.
985 2893 1091 2948 Niloter
1107 2895 1201 2948 tibicen
1219 2902 1280 2958 emt,
1300 2887 1357 2957 Fa·
1400 2923 1401 2928 =

363 2967 408 3036 34.
428 2971 509 3022 Furta
529 2969 661 3044 (gaudia)
681 2991 748 3024 mea.
767 2968 835 3023 Vide
880 2977 952 3048 ptius
962 2995 1029 3047 puer
1038 2975 1148 3028 tibicen.
1156 2973 1225 3026 Vide
1235 2963 1365 3043 lluperldly

310 3117 314 3124 Ι
328 3047 379 3114 lll,
394 3048 445 3114 23,
462 3049 503 3103 18.
881 3054 1002 3108 Juvenal.
1022 3068 1072 3108 sat.
1087 3055 1149 3121 XV,
1166 3055 1211 3125 49.
1222 3082 1256 3093 -
1268 3041 1356 3119 Phyllit-

364 3129 408 3186 35.
417 3129 546 3184 Secretam
558 3131 661 3185 tertam
672 3131 839 3208 intelliyelo·
883 3137 964 3190 llecte
971 3135 1077 3189 videtur
1087 3137 1251 3188 Burmannus
1259 3141 1358 3212 repoffl}

330 3228 390 3261 cum
403 3211 430 3261 in
442 3209 528 3264 hortis
542 3225 681 3265 secretum.
692 3243 727 3252 —
742 3211 841 3283 Quoeris
883 3209 1040 3267 crotalistria
1054 3213 1165 3280 Phidis,
1179 3233 1213 3266 ue
1222 3208 1326 3264 conlusio
1337 3213 1359 3255 ¹¹⁴

329 3293 488 3358 concubitus,
497 3293 586 3345 sedem
594 3295 742 3366 cujusque?
751 3295 840 3348 Lectu-
885 3311 947 3345 cum
960 3291 1043 3344 altera
1058 3291 1180 3365 Phyllide
1195 3310 1231 3344 vs.
1248 3307 1286 3360 ²9·
1297 3279 1359 3332 -Εῐ

331 3367 370 3421 lus
385 3371 457 3421 enim
469 3383 509 3421 est
523 3371 727 3438 discubitoriut,
742 3385 767 3424 et
780 3391 841 3424 con·
886 3392 957 3439 rura,
967 3372 1059 3440 flores,
1072 3391 1189 3444 quorum
1200 3373 1289 3426 seimus
1303 3379 1358 3419 ¹¹⁸⁸!

330 3447 451 3498 cumbere
462 3447 500 3498 sie
511 3460 567 3500 erat
576 3451 694 3520 positum
703 3453 748 3516 lv,
766 3469 775 3502 t
788 3489 797 3518 ,
813 3449 838 3516 4.
886 3453 914 3504 in
926 3453 1061 3504 conviviis.

367 3525 410 3596 37.
428 3525 579 3599 Lygdamus
596 3532 633 3583 ad
650 3531 773 3606 cyathos,
790 3533 841 3582 mi·
922 3531 966 3599 41.
981 3533 1084 3586 Nonus.
1103 3533 1197 3584 Nanos
1209 3523 1360 3603 petulantia

330 3608 414 3660 nister
423 3607 458 3660 ad
470 3607 589 3681 cyathos.
599 3613 742 3678 Horatius,
753 3611 840 3666 carm.
883 3614 954 3684 jocis
967 3614 1021 3666 suia
1036 3613 1119 3668 fuisse
1133 3614 1203 3666 inter
1218 3605 1359 3664 recreationes

329 3687 356 3752 l,
369 3687 446 3756 29,ss
462 3709 468 3739 ε
490 3688 580 3740 cPuer
592 3689 651 3758 quis
668 3707 700 3741 ex
719 3685 779 3742 aule
795 3677 841 3740 ca·
886 3704 1022 3759 ueterum,
1032 3691 1112 3746 docet
1122 3691 1260 3746 Suetonius
1270 3679 1360 3738 iu’l'tlt·

330 3765 401 3837 pillis
424 3765 468 3816 Ad
488 3763 614 3836 cyathum
637 3781 769 3822 statuetur
789 3787 841 3820 un·
885 3772 941 3838 rio,
958 3790 1019 3844 esp.
1031 3771 1076 3824 61.
1087 3801 1122 3812 -
1133 3774 1237 3824 Jaetare
1251 3755 1360 3818 ΜΝ

331 3847 425 3904 ctis?-
447 3874 482 3884 -
503 3845 571 3900 Virri
592 3850 679 3900 oestt'va
703 3845 841 3918 supellex5
884 3869 949 3904 cava
961 3853 1045 3919 lustru
1062 3851 1160 3906 saltare
1177 3851 1212 3904 ad
1226 3839 1358 3901 tibiam-5⁴·

331 3925 444 3992 vitrum,
459 3921 486 3974 id
500 3937 555 3988 est,
567 3925 642 3978 vitrei
656 3923 766 3992 calices,
784 3944 840 3998 quae
885 3939 956 3982 ctare
971 3948 1081 3996 manus,
1100 3943 1131 3982 ut
1147 3945 1246 3982 mouere
1259 3919 1358 3978 Osillffln

328 3991 440 4074 ⁴proprie
461 4001 580 4076 supellex
603 4007 685 4058 {estivi
704 4005 841 4078 temporis.
886 4006 995 4061 Remed.
1009 4009 1101 4071 Amor,
1115 4027 1154 4061 vs.
1170 3991 1359 4074 33421Facsal·

335 4084 377 4136 Sic
403 4076 521 4137 creticum
550 4085 645 4138 vitmm
670 4085 794 4158 Virgilius
816 4089 842 4138 in
886 4091 1357 4160 tet,nescitsiquamoveremm··

334 4163 426 4234 Copa,
446 4184 481 4217 vs.
504 4184 545 4234 ²9·
567 4197 600 4206 -
617 4167 653 4218 Et
669 4167 842 4238 Methymurct'
887 4169 990 4222 Jactare
1000 4170 1028 4220 in
1039 4188 1176 4222 numerum
1187 4163 1359 4219 emetiatur
