2810 4978
367 483 548 548 russis
571 484 704 548 xxix.
995 489 1061 578 289

76 615 168 702 Atque
179 603 423 698 itamiiujeoto
433 605 591 678 dixerunt
600 631 719 676 rursus
730 611 874 678 smictu:
987 675 991 692 ,

112 723 125 786 1
137 743 241 801 nuuc,
255 735 290 786 et
301 735 417 786 noctes
429 717 521 788 disce
532 743 669 788 munere
681 719 784 788 domi.

75 833 163 898 Mene
174 845 263 912 eret,
276 843 311 897 et
322 829 430 914 volui,
445 829 556 899 sisois
571 833 760 924 quiesceret
770 830 854 918 illu,¹

113 943 222 1008 Visere
235 967 242 1006 :
259 957 294 1006 et
305 940 439 1015 inlecto
450 939 596 1032 Cynthia
607 939 678 1009 sole
691 941 765 1010 fuit.

76 1050 336 1145 Obstupuimon
349 1051 407 1120 illa
416 1052 499 1120 mihi
510 1052 690 1122 formosior
700 1075 864 1148 umquam
1033 1067 1066 1122 25

115 1163 204 1244 Visa,
215 1185 329 1256 neque
342 1163 469 1230 ostrina
482 1183 589 1255 quum
600 1161 664 1228 fuit
674 1164 710 1229 in
722 1165 850 1243 tunica,
892 1227 896 1234 .

76 1271 140 1339 lbet
151 1289 187 1339 ut
195 1272 275 1340 hinc
286 1290 386 1340 castae
398 1287 573 1342 narratum
585 1273 714 1340 somnia
727 1275 851 1355 Vestro,

116 1387 185 1450 Neu
194 1381 273 1465 sibi,
287 1406 371 1450 neve
385 1381 554 1474 mihique>
566 1383 718 1448 nocitura
730 1381 851 1450 forent.

77 1489 160 1558 Talis
169 1495 240 1559 visa
254 1490 338 1558 mihi
350 1513 470 1558 somno
483 1489 621 1556 dimissu
633 1493 775 1571 receuti,

118 1605 321 1697 Oqusntum
332 1625 395 1694 per
405 1625 441 1668 se
453 1597 595 1668 eandida
610 1599 719 1668 forma
731 1598 837 1668 valeti
1036 1615 1070 1668 3ο

78 1718 145 1801 Quo
155 1730 192 1781 tu
203 1715 406 1796 matutinus,
418 1714 480 1794 uit,
493 1711 685 1805 speculator
695 1713 834 1782 umicaei’

42 1885 67 1937 sd
78 1886 194 1942 indictam
208 1888 299 1956 uobis,
316 1889 422 1940 domum
430 1909 439 1951 ,·
456 1889 524 1960 Cyn·
568 1901 640 1955 tata,
657 1907 718 1940 oum
732 1887 900 1940 Lachmsuno
915 1889 1070 1945 scribimus:

1 1985 2 1998 π
43 1963 198 2039 ὡὶιῃςωρρ,
571 1967 1075 2043 «Mensores,etv011u‚sisotsqute

70 2065 106 2099 rr.
128 2051 227 2121 Iujeeto
246 2049 285 2100 ms'
305 2067 388 2101 rursus
407 2049 504 2100 amictu
514 2069 524 2108 ,-
569 2057 652 2097 soeret
663 2043 721 2108 itta,
731 2045 839 2097 Visere:
852 2057 878 2096 st
890 2047 917 2097 in
928 2047 997 2100 lecto
1008 2053 1074 2124 Cyn.

1 2175 2 2214 p
43 2123 118 2190 idest,
129 2127 311 2196 injectomihi‚
323 2145 400 2199 quem
410 2128 527 2178 detraxe·
569 2122 625 2175 thiu
639 2122 694 2174 sols
715 2123 772 2173 fuit.
793 2123 944 2194 Obstupuit
960 2143 1014 2178 nou
1029 2127 1074 2181 itta

1 2221 2 2234 ¹
44 2207 292 2272 rsut‚smietumeo.
305 2209 399 2257 Burnus
409 2207 526 2278 injicere,
571 2201 635 2252 mibi
647 2201 789 2253 formosior
801 2218 927 2274 umquam
938 2207 1075 2270 Viso3neb

1 2284 2 2352 i
44 2287 162 2336 restituere
187 2282 340 2354 injiciendo.
365 2313 402 2323 -
424 2285 526 2336 Noctes.
572 2299 623 2352 que
640 2283 740 2334 ostrina
754 2299 835 2352 quum
847 2282 907 2354 fuit
921 2285 948 2336 in
968 2289 1075 2358 tunice,

1 2354 2 2429 i
44 2358 158 2432 Scriptura
174 2361 231 2412 hec
252 2359 380 2411 librorum
399 2364 526 2412 omnium.
571 2359 628 2410 ibat
642 2371 671 2411 ut
688 2357 750 2410 hine
767 2371 843 2411 castae
858 2373 993 2414 narratum
1007 2385 1076 2418 som·

1 2443 3 2498 i
44 2435 113 2490 Noetu
128 2438 307 2491 Broukhusius
319 2437 352 2490 do
363 2441 528 2491 corrections
573 2441 615 2489 nia
635 2442 733 2503 Vestse,
755 2441 814 2490 Neu
837 2438 901 2504 sibi,
921 2455 986 2495 neve
1011 2445 1076 2496 mihi

1 2523 2 2564 t
44 2515 528 2588 ilsinsii‚qooslcumamietujunetum
573 2517 1076 2588 quanocituraforent.Ta}isrissmihi

1 2617 2 2646 ;
45 2595 127 2664 usare
142 2595 175 2648 sd
189 2615 266 2648 aures
279 2596 384 2649 oceidit.
573 2615 667 2648 somno
677 2597 780 2672 dimr‘sso
791 2599 890 2648 recenti
900 2593 1076 2672 (Oqusntum

72 2677 107 2728 rt.
125 2677 206 2727 Marte
223 2686 298 2743 erat,
318 2689 367 2727 eto.
382 2675 481 2728 Ordine
502 2688 529 2730 et
573 2694 622 2746 per
633 2691 661 2725 se
673 2673 787 2725 eandida
798 2676 883 2726 forma
893 2676 1006 2750 valeti),
1015 2671 1077 2748 Quo

47 2753 188 2806 trusuuulio
197 2758 371 2806 constitutum
381 2767 466 2830 totum
476 2753 530 2807 hoo
574 2765 603 2804 tu
617 2745 777 2820 matutinus,
790 2754 840 2818 sit,
854 2755 1007 2824 speculator
1017 2759 1079 2810 arui·

2 2823 3 2828 ¹
47 2831 268 2906 inexempiaribus
291 2835 443 2904 impressis,
470 2837 528 2885 ita:
574 2835 650 2904 ereis
672 2865 709 2876 -
727 2837 809 2886 Morte
833 2847 903 2902 erut,
927 2853 978 2889 etc.
999 2842 1078 2892 conr.

3 2969 4 2976 ἵ
50 2913 131 2966 uuae
140 2927 210 2978 erat,
224 2925 250 2965 et
261 2912 348 2974 volui,
360 2913 382 2964 si
392 2912 448 2964 sois
459 2911 531 2983 quie*-
574 2915 707 2978 cassim,
717 2917 746 2966 in
759 2915 826 2964 imit.
842 2914 910 2967 Gatt.
923 2917 957 2967 ud
971 2919 998 2982 1,
1009 2918 1039 2986 3,
1054 2938 1078 2989 7.

47 2993 179 3059 meritis,
189 2994 297 3043 Visere:
312 2992 372 3042 att'u
388 2987 452 3042 lecto
464 2996 531 3060 ‹3372-
575 2987 685 3058 ss-'Fuit
703 3006 851 3062 agnoscunt
868 2993 958 3062 scripti
973 3011 1081 3061 omnes,

48 3067 90 3120 stu
102 3071 153 3123 sola
161 3069 228 3142 fuit.
244 3069 377 3139 Obstupui
393 3089 400 3118 ι
419 3085 472 3118 non
486 3065 532 3118 iliu
573 3089 626 3140 pro
648 3089 701 3137 quo
717 3072 786 3142 fluit
810 3067 991 3124 broukhusius
1013 3061 1081 3128 'Bur-

48 3147 97 3200 uiti
106 3150 247 3202 formosior
259 3163 385 3218 umquam
397 3147 475 3211 Visa,
485 3163 532 3197 ne·
576 3163 744 3216 mensusque
762 3165 910 3218 perperam.
925 3153 1081 3226 Numquam

4 3287 5 3290 ¹
49 3233 197 3298 queostriua
216 3247 297 3301 quum
314 3228 371 3279 fluit
390 3229 415 3278 in
432 3227 530 3278 turries.
577 3225 762 3276 formosiorem
780 3225 830 3278 sibi
845 3229 928 3279 uisam
943 3232 1081 3302 Cynthium

4 3299 5 3304 ¹
47 3305 93 3358 ibt
105 3321 128 3362 et
141 3309 203 3361 hine
219 3321 295 3360 eastre
310 3319 444 3359 narratum
460 3325 532 3357 som·
578 3305 728 3374 Propertius
748 3303 832 3370 dicit,
855 3323 889 3357 ne
910 3307 953 3361 itta
976 3312 1081 3382 quidem

48 3389 83 3438 sis
96 3393 195 3456 Vtere,
217 3387 278 3440 Neu
296 3387 362 3448 sibi,
385 3405 450 3440 neve
471 3385 534 3436 mihi
579 3382 637 3447 die,
654 3401 734 3454 quum
749 3383 776 3434 iu
789 3397 861 3437 reste
871 3405 1004 3460 purpurea
1018 3411 1084 3444 eon.

49 3463 535 3538 quzuoeituraforent.Tult'svisumihi
579 3462 677 3515 suitum
707 3465 753 3515 ivit
778 3463 817 3534 'tle
844 3470 948 3519 somnio
978 3473 1084 3525 Vestam

6 3607 7 3614 ἵ
48 3548 357 3601 sousodemissoreeeuti.
375 3547 535 3617 Heuquau·
580 3543 664 3594 deum.
684 3546 833 3597 —Somuo
851 3546 955 3601 dimisso
978 3545 1082 3606 serenti.

6 3627 7 3630 ’
49 3633 93 3676 tutu
107 3645 153 3698 per
172 3647 200 3680 se
216 3625 329 3679 eandida
348 3626 433 3676 forma
449 3625 533 3676 vaiet!
580 3623 691 3675 Dimissa
701 3641 750 3694 pro
764 3625 870 3676 demisso
884 3626 998 3680 Codices
1012 3634 1084 3702 apud

6 3697 7 3700 Ἴ
49 3701 97 3770 Quo
107 3719 134 3759 tu
145 3707 306 3773 matutinus,
319 3707 370 3770 uit,
383 3701 536 3776 speculator
580 3701 1086 3763 BurmannumduorectissimeUtrius-

49 3787 161 3838 amira?-
178 3785 250 3839 Nihii
264 3783 322 3852 hie,
334 3797 363 3836 ut
379 3783 467 3849 rides,
481 3801 535 3834 uon
582 3801 632 3852 que
647 3779 722 3832 serbi
737 3782 920 3834 confusionem
935 3790 1085 3842 notavimus

49 3864 191 3933 eruissem,
214 3863 280 3917 nihii
301 3881 357 3915 non
372 3865 491 3934 ineptum
510 3873 537 3914 et
581 3859 646 3928 eleg.
661 3859 708 3925 ²8,
728 3858 770 3928 59.
788 3885 818 3898 -
835 3863 1017 3933 Osquoutum,
1033 3865 1084 3920 ete'.

50 3939 196 4007 tbsurtiuru3
214 3946 242 3996 iu
256 3943 368 4016 quibus,
384 3955 476 4014 praetor
490 3959 537 3994 cae·
581 3937 674 3989 Alieno
696 3955 775 3989 sensu
792 3940 907 4008 positam
929 3945 1086 4013 particulam

49 4027 109 4087 tera,
125 4023 223 4074 rubere
239 4021 317 4074 simul
334 4033 359 4072 et
374 4021 412 4072 ire
426 4019 538 4091 Cynthia
582 4018 641 4069 Heu
665 4015 827 4070 Schraderus
847 4021 903 4089 jam
922 4037 983 4075 euts
1001 4025 1088 4080 Lech-

51 4113 169 4166 sumtus,
181 4119 240 4174 quse
254 4099 335 4172 psulo
349 4111 412 4170 post
425 4097 538 4150 dormire
583 4115 709 4148 msuuurn
720 4097 746 4150 in
764 4098 951 4153 Omutsudam
962 4121 1018 4157 esse
1030 4123 1088 4158 mo·

51 4177 137 4245 pariter
150 4192 177 4232 et
191 4177 275 4251 loqui.
291 4179 467 4230 Distiuctioue
482 4195 539 4229 ruu-
584 4191 686 4232 uuerat.
702 4207 737 4216 -
751 4177 806 4248 Quo
822 4189 865 4245 tu,
884 4193 933 4232 ete.
956 4201 1087 4257 sequare,

863 4293 902 4360 ¹9
