2808 4974
654 677 906 832 'usuum
935 735 993 839 u

610 1001 614 1008 ’
646 981 709 1045 ΔΙ)
730 980 1000 1046 CYNTHIAM.

713 1399 941 1436 ARGUHWI'UH.

343 1502 512 1589 Cynthium
536 1501 661 1587 publico
686 1523 811 1564 morum
834 1503 958 1564 licentia
983 1499 1126 1562 diffamat
1144 1523 1152 1560 ε
1171 1499 1339 1582 indignatur

303 1602 495 1685 Propertius,
516 1613 546 1661 et
564 1620 684 1660 servare
701 1619 732 1660 se
753 1612 846 1682 negat
865 1599 944 1661 velle
962 1597 1076 1676 fidem,
1097 1617 1166 1680 quae
1187 1597 1338 1684 praemium

302 1717 394 1757 suum
407 1697 549 1758 infidiam
559 1693 682 1758 liabent.
694 1697 799 1757 Unam
811 1695 850 1757 de
863 1709 911 1756 tot
922 1695 1041 1756 levibus
1055 1693 1196 1754 amandis
1211 1713 1276 1754 non
1290 1688 1339 1751 fal-

301 1794 400 1854 lacem
422 1795 600 1871 inveniam,
626 1805 656 1854 et
678 1805 819 1877 ereptum
843 1793 901 1854 tibi
924 1791 1043 1875 lugebis
1072 1805 1108 1852 tu
1134 1812 1203 1852 sero
1227 1803 1339 1874 poetam

302 1881 401 1955 tuum.
415 1895 464 1954 Ire
476 1895 553 1956 dum
569 1915 673 1955 recens
689 1907 750 1973 est,
770 1895 890 1976 inquit,
906 1893 1071 1956 discidium
1086 1889 1140 1952 fiat
1157 1915 1165 1950 ι
1185 1890 1339 1974 separatio·

302 1991 351 2051 nis
360 1990 493 2053 feremus
504 2011 570 2052 non
585 2004 736 2053 oeternum
749 1990 899 2052 dolorem.
918 1990 976 2052 Sed
992 2004 1022 2050 et
1035 2001 1141 2073 parcat
1156 1989 1189 2048 in
1205 1987 1265 2048 hoo
1283 1989 1339 2069 ipss

302 2086 438 2170 Cynthia
450 2108 560 2149 nocere
574 2087 648 2162 sibi3
668 2109 760 2169 quem
769 2087 869 2164 laedit,
883 2099 1040 2147 amantem
1052 2086 1107 2146 ille
1119 2086 1227 2146 timere
1244 2083 1339 2144 discut.

302 2185 375 2246 Non
388 2185 551 2246 ulciscetur
563 2185 709 2246 indecoro
725 2187 771 2245 vis
790 2197 930 2268 poetam3
945 2206 1013 2246 non
1023 2185 1105 2260 rixs,
1120 2204 1186 2244 non
1201 2182 1269 2244 ferae
1282 2201 1340 2241 ma·

302 2301 381 2357 nus,
400 2281 585 2362 insignitum
606 2279 765 2342 hominem
783 2282 936 2364 Apollinis
949 2280 1058 2342 lauro:
1077 2279 1260 2340 versiculum
1276 2277 1339 2340 sutis

301 2378 361 2438 erit
372 2384 547 2462 numquam
557 2377 725 2441 delendum
740 2381 908 2463 scripsisse,
922 2381 976 2462 qui
994 2377 1163 2463 Cynthium
1181 2377 1339 2439 formosam

302 2473 399 2550 dicet,
411 2476 466 2557 qui
477 2475 560 2537 dicet
571 2475 680 2556 itidem
693 2478 759 2538 sine
770 2476 1019 2561 fideCynthiam.

769 2687 882 2706 n*-

350 2780 446 2895 Hoc
458 2849 577 2895 verum
589 2843 659 2913 est,
672 2843 743 2896 tota
757 2845 790 2897 te
801 2827 900 2912 ferri,
912 2829 1074 2924 Cynthia,
1086 2833 1209 2911 Romu,

394 2939 438 3003 Et
450 2961 521 3004 non
532 2939 647 3030 ignota
658 2942 769 3009 vivere
783 2941 953 3034 nequitia?

349 3051 422 3116 Hoc
433 3050 543 3116 merui
554 3057 712 3143 sperare?
724 3049 818 3120 dabis
830 3049 913 3117 mihi
923 3101 932 3132 ‚
944 3048 1092 3143 perfida,
1105 3071 1241 3142 poenus:

393 3160 436 3223 Et
448 3156 544 3225 nobis
556 3157 687 3254 aliquo,
701 3157 864 3252 Qnthia,
879 3175 1000 3228 ventus
1015 3161 1088 3226 erit.

339 3357 361 3392 1.
372 3339 432 3394 Hoc
443 3360 531 3394 uerum
540 3345 596 3396 est?
606 3345 645 3395 lta
659 3361 708 3395 nos
718 3342 801 3398 Galli:
847 3341 906 3396 heir
923 3343 981 3394 :Et
997 3342 1075 3396 nobis
1091 3340 1206 3416 Aquilo,
1224 3339 1339 3416 Cynthia,
1381 3335 1383 3340 ’

297 3419 378 3474 Est-il
388 3421 447 3474 bien
458 3424 515 3475 urai
525 3441 588 3495 que,
599 3423 633 3476 Se
639 3423 735 3495 peut-il
745 3425 803 3476 bien
847 3437 942 3476 ventus
964 3423 1044 3475 erit.-
1067 3423 1160 3493 Inepte
1178 3441 1285 3494 prorsus
1301 3418 1338 3470 hic

298 3499 587 3572 que....?Adlirmatio
600 3514 639 3554 est
651 3501 701 3554 sub
716 3501 803 3553 forma
848 3501 919 3554 uenti
944 3499 1085 3572 Aquilonis
1111 3502 1211 3552 mentio
1231 3523 1237 3552 s
1264 3512 1338 3568 neque

299 3577 383 3631 dubii.
396 3579 468 3632 Male
479 3579 597 3633 Koinoel
612 3581 728 3651 accipit:
745 3581 802 3634 Hoc
847 3583 939 3648 enim,
949 3594 979 3632 ut
990 3583 1047 3654 ipse
1063 3580 1186 3633 observat
1203 3579 1338 3633 Lachman-

295 3657 397 3729 justum
412 3670 439 3710 et
452 3677 556 3732 {equum
565 3671 614 3710 est.
624 3661 662 3710 ..i
671 3687 705 3698 -
714 3659 800 3726 Ferri,
847 3677 912 3724 nus,
927 3659 1010 3710 Roma
1021 3678 1048 3711 se
1059 3658 1193 3710 abiturum
1200 3657 1339 3730 Propertius
1400 3727 1401 3730 Ἴ

297 3737 370 3790 fame
392 3734 454 3788 ferri
466 3775 475 3804 ‚
493 3736 635 3790 diffamari.
654 3737 697 3790 Sic
720 3737 801 3790 verbo
847 3735 912 3790 dicit
921 3737 1014 3808 (unice
1026 3751 1098 3789 recta
1109 3741 1209 3809 querin
1221 3737 1261 3790 his
1270 3739 1338 3788 intet-

297 3813 408 3886 diffem
419 3817 533 3882 utiturI‚
546 3813 576 3882 4,
590 3833 632 3868 22.
845 3817 960 3888 protetio
979 3817 1049 3868 foret
1062 3813 1087 3886 ),
1106 3833 1156 3867 nec
1175 3815 1295 3868 translatu
1311 3826 1338 3862 sc

333 3893 359 3960 4.
373 3895 411 3944 Et
423 3895 511 3962 nobis,
529 3907 579 3947 etc.
595 3895 679 3948 et‘me
693 3914 801 3968 quoque
817 3927 822 3936 ·
845 3893 957 3965 figurato
968 3893 1067 3967 Aquilo
1077 3893 1110 3946 de
1120 3911 1212 3946 amore
1225 3893 1286 3967 poni
1295 3905 1338 3962 po·

297 3990 373 4025 meus
390 3991 464 4026 emor
483 3973 518 4026 ad
532 3975 650 4046 puellam
666 3977 733 4028 feret
752 3975 801 4028 uli·
846 3986 913 4042 test,
933 3973 981 4027 sed
991 3973 1127 4027 indefinita
1145 3978 1254 4028 notione
1269 3987 1338 4024 vocs-

177 4045 183 4064 '
240 4114 242 4118 ⁴
298 4069 378 4124 quem
389 4070 494 4105 novam.
508 4053 548 4105 Ne
560 4051 666 4120 dubita,
680 4055 743 4126 quin
756 4073 800 4107 ve·
844 4053 939 4108 bulum
949 4066 1046 4109 uentus.
1059 4055 1100 4109 sic
1115 4076 1209 4110 auram
1222 4069 1246 4110 et
1247 4054 1337 4133 flatum

296 4129 399 4182 tissime
416 4128 602 4185 Lachmannus
622 4131 712 4205 aliquo
737 4151 800 4185 cor·
842 4149 954 4209 usurpat
965 4138 1077 4204 Noster,
1091 4136 1128 4202 11,
1142 4153 1190 4205 η,
1204 4136 1233 4204 3,
1248 4129 1336 4201 11,25‚

296 4211 407 4280 texerit,
418 4211 465 4264 nbi
476 4209 587 4266 Codices
599 4214 755 4286 etimprsssi
764 4213 799 4266 li·
845 4232 887 4286 ²7·
907 4217 978 4270 Bene
995 4216 1076 4288 igitur
1090 4217 1274 4270 Burmannus:
1291 4211 1336 4262 ιΕῑ
