2826 4978
421 477 708 542 conuunvr.
793 433 795 439 '
887 523 893 538 .
1025 473 1091 564 509

133 613 204 676 Hoc
215 625 340 688 uuum,
350 599 448 696 jusso
459 627 528 670 uon
540 605 703 670 moritura
716 599 781 670 die.

95 721 129 786 Di
139 717 278 786 meliusl
293 731 441 810 quantus
454 713 577 782 mulier
587 713 675 782 foret
686 735 755 780 una
768 710 975 806 triumphus,
1058 725 1092 778 6⁵

133 834 259 896 Ductus
272 842 345 894 crat
356 848 418 918 per
435 848 519 918 quas
531 840 609 892 ante
622 821 789 916 Jugurtha
800 823 890 892 vias!
1077 819 1078 822 ’

95 942 198 1009 Actius
210 939 291 1006 hinc
302 941 404 1005 traxit
417 935 561 1004 Phoebus
574 949 812 1016 monumenta,
826 933 919 1030 quod
933 933 1005 1026 ejus

61 1127 63 1132 ,
134 1054 210 1118 Una
221 1047 340 1118 decem
350 1049 430 1116 vicit
441 1047 544 1114 missa
555 1048 676 1138 sagitta
688 1060 787 1112 autea.

96 1159 179 1228 Bella
191 1161 273 1227 satis
286 1159 393 1228 cecini
407 1182 415 1222 ι
431 1155 594 1224 citharam
602 1153 673 1249 jam
685 1157 794 1248 poscit
805 1153 923 1246 Apollo

136 1275 262 1354 Victor,
275 1268 365 1338 etad
376 1266 526 1362 placidos
538 1269 630 1334 exuit
643 1289 737 1334 arma
751 1265 883 1332 choros.
1062 1295 1095 1348 7⁰

94 1377 237 1448 Candida
248 1400 341 1446 nuuc
353 1375 448 1446 molli
459 1375 604 1444 subeant
614 1377 769 1444 convivia
781 1371 875 1457 lu'co,

136 1489 377 1584 Blandiu'aeque
388 1487 498 1558 fluant
509 1512 571 1582 per
580 1511 656 1556 mea
668 1486 755 1556 colla
767 1511 869 1570 rosae3

57 1653 92 1706 25.
102 1654 199 1707 -Hoc
214 1671 297 1704 unum
308 1691 316 1720 ‚
323 1655 398 1725 jusso
409 1671 462 1706 ιιοιι
471 1653 548 1704 mori-
593 1651 812 1724 publicatumque
827 1671 898 1704 auno
917 1651 981 1722 726,
998 1650 1097 1722 dequo

56 1733 167 1795 arcadio
181 1732 284 1784 lelixin
298 1729 457 1795 lacteolum,
474 1729 547 1802 quod
594 1731 693 1782 Noster
716 1725 753 1783 va.
775 1749 815 1784 ιι.
830 1761 866 1771 -
886 1731 961 1801 Quod
978 1733 1031 1802 ty'us
1044 1750 1099 1784 ιιιια

57 1829 103 1864 uon
123 1815 252 1864 moritura
272 1823 343 1864 esset
367 1810 475 1864 decreto
495 1807 548 1860 die.
594 1810 688 1882 sagitto
700 1811 761 1863 vicit
773 1811 859 1864 docem
875 1821 948 1864 rates.
963 1809 1098 1879 Frigidum

10 1939 15 1952 ,
55 1889 129 1944 tuom
138 1892 208 1958 dies,
220 1889 276 1942 dies
290 1908 368 1962 quem
380 1889 487 1942 volebat
498 1891 551 1940 Au·
595 1907 703 1960 prorsus
711 1892 846 1960 ingenium
854 1903 950 1962 poetae,
959 1909 1013 1964 quo
1024 1901 1098 1942 tanto

54 1983 147 2038 gustus,
157 1969 212 2022 boc
224 1981 278 2035 est,
288 1967 425 2039 triumphi.
596 1967 655 2039 plus
665 1969 723 2038 ipse
732 1967 848 2040 Apollini
860 1967 989 2034 detrahit,
1000 1979 1099 2040 quanto

80 2045 117 2098 55.
127 2045 161 2098 Di
169 2045 283 2098 melius!
292 2058 343 2098 otc.
353 2047 409 2116 lloc
418 2044 551 2098 distichon
595 2044 656 2118 plus
667 2057 779 2100 conatur
790 2047 934 2118 majestatis
949 2045 1053 2100 addere.
1123 2111 1127 2118 ι

57 2125 131 2178 uultis
141 2127 244 2178 ironice
254 2123 354 2178 dictum
363 2123 483 2177 videtur:
498 2125 552 2177 uni
633 2143 674 2197 7¹·
691 2127 808 2178 Candida
823 2146 892 2180 nunc
906 2127 1011 2180 subeant
1024 2125 1101 2180 molli

55 2203 289 2279 nebusleceruntt
304 2206 552 2276 quamturpiseuim
597 2204 657 2258 luco
683 2205 811 2259 convivia.
837 2207 950 2274 Suttre,
974 2220 1004 2259 ut
1029 2206 1101 2280 apud
1124 2269 1125 2272 Ἴ

56 2282 204 2353 etindignus
214 2284 323 2336 nornine
333 2285 454 2336 Romano
462 2287 553 2336 trium·
598 2287 749 2358 Virgilium,
761 2287 818 2338 AEu.
829 2287 888 2340 Vlll
899 2325 908 2354 ,
933 2287 981 2340 125
992 2308 999 2338 ι
1017 2311 1028 2334 ι
1040 2291 1102 2340 Pro-

54 2361 129 2433 pbus,
146 2367 175 2418 iu
198 2382 255 2436 quo
274 2361 383 2429 mulier,
401 2377 477 2418 etc·
502 2363 553 2416 Sed
598 2365 1103 2438 gressinsbeuntluco,iluviumquere·

55 2441 85 2492 its
99 2443 205 2513 quidem
219 2445 308 2513 inepte
329 2440 426 2494 addere
442 2445 554 2514 Proper·
599 2443 753 2516 linquunt.»
770 2445 896 2498 Convivia
908 2445 1102 2512 turumbertus,

55 2520 110 2574 tium
125 2542 209 2576 unum
228 2521 381 2587 mulierem,
397 2541 452 2574 uon
466 2535 553 2575 attan·
600 2541 657 2594 quas
670 2524 794 2576 feruntur
806 2527 833 2576 in
845 2524 950 2593 lucum,
959 2539 989 2578 ut
998 2526 1104 2599 spatiari

55 2599 118 2656 dunt
137 2607 225 2656 lmmo
244 2625 250 2654 :
272 2601 568 2656 sDimeliusvellentl*
599 2615 626 2654 et
636 2601 674 2654 ire
686 2602 797 2656 dicimus
807 2623 946 2676 pompam,
960 2621 1016 2677 que
1028 2604 1104 2657 duci-

55 2680 139 2736 lomina
145 2683 191 2738 vel
197 2702 254 2735 uno
265 2700 345 2754 quam
352 2683 455 2754 insigne
463 2683 554 2734 trium·
600 2695 644 2734 tur
655 2681 726 2754 (vide
737 2684 788 2746 ΠΙ,
803 2699 848 2748 ιι,
863 2682 917 2753 37).
930 2684 1046 2736 Candido
1056 2701 1105 2734 au·
1212 2723 1218 2734 .

54 2759 94 2830 pbi
106 2777 296 2816 oruamentum
311 2775 384 2826 erat,
401 2763 423 2814 si
438 2780 486 2832 per
497 2779 555 2813 aas
600 2773 654 2813 tem
671 2761 806 2828 convivia,
824 2780 880 2833 quc
898 2761 932 2813 de
948 2779 1020 2814 more
1031 2759 1105 2813 ¹cele-

3 2841 4 2848 '
56 2837 108 2892 datu
133 2842 209 2896 urbis
234 2843 292 2893 vias
317 2839 482 2907 duceretur,
508 2857 557 2912 per
600 2840 712 2892 beantur
729 2839 795 2892 albis
816 2839 942 2892 vestibus.
957 2842 999 2894 Sic
1012 2841 1105 2893 condi·

54 2936 113 2990 quas
131 2921 195 2974 olim
213 2917 349 2990 Jugurrtn
366 2915 461 2971 ductus
475 2923 553 2971 ostl·
601 2917 662 2968 dam
686 2935 812 2988 pompam
839 2917 949 2970 Ovidius
972 2921 1000 2970 in
1024 2917 1105 2971 sacris

55 2995 86 3048 Di
92 2998 199 3052 melius!
210 2995 333 3050 damulis
346 2995 495 3050 avertendis
506 2997 558 3048 lor·
601 2993 789 3064 Robigalibus,
799 2998 869 3048 Fast.
883 2995 933 3060 tva,
946 2997 1013 3066 906:
1030 2997 1107 3050 ·0b-

55 3074 134 3142 mula,
156 3095 242 3148 quam
263 3087 290 3127 et
307 3077 334 3126 iu
349 3077 432 3141 votis,
452 3089 482 3126 ut
498 3074 557 3141 hic,
603 3075 668 3126 stitit
676 3075 702 3124 in
711 3069 796 3126 medic
806 3074 917 3126 candidu
928 3094 1027 3148 pompa
1037 3077 1103 3128 via.»

55 3158 159 3222 positam
175 3175 237 3208 csse
247 3155 380 3206 Livineius
393 3153 480 3208 docet.
602 3153 660 3204 latu
674 3172 755 3224 porro
771 3153 897 3207 candidus
909 3173 960 3226 pro
975 3155 1062 3224 felici,
1076 3171 1110 3209 ιιι-

87 3233 127 3304 67.
150 3234 246 3286 Actius
264 3232 327 3284 ltine
350 3231 429 3284 traxit
450 3231 559 3284 Phoebus
603 3229 1108 3307 condidonoxetcondt‘daomt'nacpud

53 3322 227 3365 nocumenta.
254 3313 416 3377 Suetonius,
444 3311 557 3381 August.
603 3311 730 3364 Nostrum
743 3311 779 3377 11,
798 3311 847 3378 15,
868 3315 956 3380 r,lV‚
973 3315 1108 3386 1‚67.-

55 3405 109 3462 cup.
123 3392 172 3444 re:
189 3392 330 3463 nQuoque
344 3392 457 3441 Actiaca
473 3392 559 3442 victo·
604 3389 804 3464 blanditieque.
824 3389 993 3444 Vocabulum
1013 3413 1107 3448 corru-

55 3471 93 3522 ria
107 3475 240 3526 memoria
250 3469 409 3524 celebratior
423 3470 451 3522 io
465 3482 559 3541 poste·
604 3482 694 3542 ptum,
713 3487 762 3522 nec
784 3471 922 3540 Lufinum,
939 3473 1052 3545 qualiter
1069 3477 1108 3527 iu·

55 3567 107 3602 tutu
119 3566 208 3619 esset,
222 3549 318 3604 urbem
329 3548 473 3621 Nicopolin
487 3547 561 3620 opud
605 3551 742 3622 terpestas-i
749 3563 889 3620 conantur,
896 3571 963 3607 rosus
971 3553 1109 3609 blanditias

55 3631 152 3687 dotium
178 3631 328 3699 condidit,
352 3629 484 3702 ludosque
507 3628 560 3681 illic
606 3647 654 3701 per
675 3629 887 3700 appositionem,
911 3631 951 3683 vel
972 3633 1110 3688 blanditias

57 3708 267 3783 quinquennales
288 3710 441 3770 constituit;
461 3721 486 3761 st
503 3725 560 3759 am·
607 3725 684 3772 rosoe,
699 3707 727 3758 id
743 3722 797 3774 est,
815 3728 947 3763 rosarum,
963 3712 1020 3765 Neo
1035 3715 1110 3786 quid·

3 3819 4 3822 =
54 3783 131 3856 pliato
145 3802 241 3841 vetere
252 3785 381 3859 Apollinis
395 3785 508 3858 templo,
524 3785 562 3838 lc-
608 3805 686 3859 quum
697 3785 758 3838 dico
768 3785 802 3839 de
814 3787 937 3858 Scaligeri
948 3792 1109 3845 emendatio·

56 3864 562 3938 cuncastrorum,quibusfuerutusus,
607 3883 641 3918 ne
656 3866 699 3937 (si
710 3867 800 3918 vocari
816 3866 868 3920 boc
879 3869 1029 3937 emendatio
1045 3891 1110 3944 pos·

55 3960 210 4000 exornatum
236 3943 377 3998 navalibus
394 3943 486 4016 spoliis
508 3945 564 3996 Ne·
607 3943 656 4014 sit)
667 3943 849 4018 Blanditoeque
860 3963 921 3999 rosoe
933 3965 983 4018 pro
996 3947 1109 4007 blandis.

56 4035 135 4095 ptuuo
145 4045 177 4080 ac
188 4025 274 4078 Marti
288 4025 461 4078 consecravit.
473 4023 563 4096 »(lpti
608 4021 702 4075 Melius
714 4021 757 4076 ulii
767 4023 965 4098 Blandusioeque
978 4029 1019 4080 vel
1031 4031 1113 4085 Blan-

57 4105 169 4176 Apolliui
181 4115 372 4156 consecratum
384 4102 475 4154 locum
484 4101 566 4154 tradit
609 4101 744 4175 dtnoeqm
754 4103 801 4156 sed
814 4105 902 4170 obest,
915 4106 987 4176 quod
999 4110 1065 4163 nibil
1079 4113 1112 4168 tls

57 4198 111 4236 tuus
120 4181 349 4252 StraboueDio.)
360 4182 407 4233 llis
417 4180 565 4233 bonoribus
611 4183 676 4233 rosis
692 4179 851 4248 blandusiae,
867 4185 920 4236 sive
933 4187 1023 4256 potius
1039 4191 1112 4243 Bon-

58 4261 121 4316 adde
129 4264 301 4338 tenplumiu
309 4261 409 4314 Palatio
415 4260 567 4316 dedicatum
612 4259 706 4327 dusios,
719 4258 828 4314 tradunt
839 4274 947 4337 vetares.
959 4265 1048 4332 Qusre
1062 4288 1111 4342 offo
