2810 4978
295 481 595 494 w—

561 667 811 765 ELEGIA
841 665 1083 768 XXVIII.

499 899 559 963 DE
583 897 799 962 CYNTHIA
823 893 1142 982 AEGROTANTE.

708 1313 937 1348 ΑΙΙΙΙΌΙΙΕΙΠΙΙΙΙ.

333 1421 395 1482 Pro
416 1418 565 1502 Cynthia,
587 1439 683 1502 quam
706 1440 798 1501 grave
819 1419 942 1482 melum
963 1417 1086 1496 adficit,
1106 1416 1332 1479 misericordiam

292 1519 379 1579 Jovis
395 1519 576 1600 Propertius
590 1517 724 1577 invocat.
739 1519 802 1578 Has
821 1517 908 1578 illam
923 1537 1003 1578 seras
1014 1522 1127 1599 'poenas
1144 1515 1244 1592 luere,
1260 1513 1334 1596 cujus

294 1612 430 1698 perjuria
450 1629 515 1674 tam
540 1613 640 1674 multa
664 1613 821 1676 lassarunt
843 1635 988 1696 superos,
1009 1615 1097 1694 cujus
1125 1615 1190 1696 pati
1215 1613 1334 1673 nimiam

243 1787 245 1790 Ι
293 1711 471 1794 superbiam
492 1710 605 1772 formae
630 1710 764 1792 denique
792 1711 919 1772 tandem
944 1711 1056 1796 puduit
1082 1710 1163 1771 deas.
1194 1709 1333 1771 Soiatium

294 1809 406 1892 quaerit
421 1811 528 1888 miser,
545 1831 609 1893 quo
625 1811 762 1872 sublevet
776 1813 909 1872 amicam
926 1833 1028 1885 suam,
1043 1811 1076 1870 in
1092 1822 1192 1870 morte
1205 1810 1336 1869 inventu·

294 1930 363 1970 rem
378 1909 464 1969 illam
477 1909 637 1970 confidens
651 1912 768 1971 acerbt‘e
780 1909 872 1992 hujus
885 1913 957 1972 vitae
972 1909 1153 1992 praemium3
1169 1909 1275 1991 ereptis
1287 1907 1336 1968 sibi

295 2007 453 2068 amoribus
472 2009 550 2080 suis,
575 2007 656 2067 mori
670 2027 700 2067 se
721 2027 848 2089 quoque
865 2007 943 2067 velle
960 2007 1128 2082 exclamat3
1147 2019 1255 2066 votum
1277 2003 1337 2066 Jovi

295 2104 448 2187 concipit,
471 2105 496 2164 si
520 2103 669 2164 liberetur
687 2103 825 2186 periculo
848 2103 991 2188 Cynthia.
1008 2140 1046 2150 -
1062 2103 1228 2164 incolumis
1251 2102 1335 2162 evasit

294 2222 346 2275 ea3
371 2203 421 2262 cui
442 2202 526 2262 bona
548 2201 744 2285 clemensque
769 2205 954 2286 Proserpina
972 2215 1115 2279 maneat,
1139 2223 1203 2263 una
1221 2201 1334 2261 demum

292 2299 415 2376 relicta,
439 2321 508 2383 que}
534 2299 666 2383 pulchra
689 2303 727 2360 sit
753 2301 785 2360 in
811 2303 915 2377 terris,
941 2322 1040 2382 quum
1064 2313 1112 2361 tot
1137 2299 1335 2360 formosarum

293 2396 395 2457 millia
411 2395 478 2478 jam
499 2398 597 2458 Orcus
620 2397 751 2458 habeat!
772 2399 894 2474 Redde,
912 2399 1036 2479 inquit,
1060 2419 1079 2459 o
1097 2419 1167 2458 mea
1183 2398 1251 2472 lux,
1272 2415 1335 2478 quas

292 2495 386 2557 debes
399 2509 499 2576 grates
520 2497 611 2572 Isidi3
629 2496 706 2558 mihi
722 2500 889 2580 promissas
908 2497 1014 2559 decem
1032 2497 1145 2558 amoris
1163 2511 1267 2559 noctes
1283 2515 1335 2555 me

295 2605 401 2654 mento
415 2592 542 2655 solvere.

765 2761 877 2777 ...ι-

342 2867 532 2992 Jurrnnn,
544 2908 684 2978 adfectae
697 2911 835 2980 tandem
849 2913 1010 2980 miserere
1021 2911 1163 3008 puellae!

387 3026 474 3091 Tam
487 3021 637 3092 formos'a
650 3041 748 3092 tuum
758 3041 893 3092 mortun
905 3028 1034 3093 crimen
1046 3029 1123 3094 erit.

339 3133 442 3200 Venit
452 3134 543 3200 enim
554 3149 708 3227 tempus,
722 3159 790 3229 quo
803 3134 952 3204 torridus
964 3153 1085 3206 aestuat
1095 3161 1170 3223 aer,

388 3243 512 3334 Incipit
524 3259 558 3310 et
569 3247 659 3312 sicco
671 3245 803 3312 fervere
816 3259 904 3313 terra
916 3251 1017 3315 Cane.

339 3353 404 3422 Sed
416 3378 485 3422 non
498 3371 566 3422 tom
579 3355 709 3424 ardoris
721 3355 823 3450 culpa
834 3373 901 3442 est,
914 3385 1025 3455 neque
1037 3361 1179 3430 crimina
1191 3357 1280 3442 caeli,
1322 3366 1336 3422 ⁵

386 3467 497 3550 Quam
509 3467 606 3532 toties
620 3482 753 3534 sanctos
766 3493 836 3536 non
848 3467 1006 3539 habuisse
1018 3469 1112 3539 deos.

340 3578 414 3643 Hoc
425 3573 537 3668 perdit
548 3579 702 3662 miseras,
717 3577 781 3646 hoc
792 3579 938 3673 perdidit
948 3599 1041 3667 ante,
1054 3562 1205 3677 pueilas:

332 3778 355 3814 t.
365 3760 500 3833 Adferte,
511 3765 675 3834 egrotantis,
687 3764 798 3833 puellm
842 3770 990 3839 rigaturum
1002 3770 1145 3824 Corinnam
1160 3761 1337 3820 commendans

293 3859 373 3914 quam
391 3842 480 3896 adiicit
501 3844 609 3898 mnium.
628 3848 666 3898 lta
679 3845 799 3919 loquitur
843 3847 892 3900 diis
911 3870 917 3899 ε
935 3851 1080 3902 «Vestrum
1101 3851 1202 3902 crimen
1222 3847 1269 3899 erit
1286 3840 1337 3894 ulit

293 3923 373 3974 etiem
385 3921 511 3990 Ovidius,
530 3926 609 3977 Trist.
628 3927 680 3992 ΙΙΙ,
697 3927 729 3994 3,
751 3929 798 3996 td,
839 3931 945 3999 jactura
958 3927 1065 4000 puelle,
1080 3927 1261 3999 Nereidesque
1275 3921 1337 3984 dee,

292 4000 339 4053 ubi
351 4000 410 4053 vide
423 4005 566 4056 Heinsium.
575 4033 612 4046 ·-
621 4009 730 4060 Mortua
744 4019 798 4059 tam
842 4007 1040 4080 Nereidumque
1053 4019 1136 4080 peter.
1148 4029 1160 4054 ο
1172 4067 1176 4072 ‚

285 4077 414 4150 fomom'
430 4091 505 4132 tuum
526 4084 624 4136 crimen
645 4085 703 4136 erit.
722 4084 796 4138 idem
878 4103 902 4156 7.
913 4088 972 4140 Hoc
981 4087 1067 4159 perdit
1079 4087 1197 4152 miseros,
1208 4097 1257 4138 etc.
1272 4082 1336 4143 Hoc,

291 4157 419 4228 Ovidius,
431 4163 536 4214 Amorr.
552 4164 593 4232 ΙΙ,
611 4181 658 4229 ιι,
675 4163 709 4218 35
718 4204 728 4232 ,
748 4183 797 4218 ua·
842 4165 960 4235 scilicet,
985 4164 1059 4238 quod
1081 4165 1164 4218 altero
1183 4181 1261 4218 versu
1281 4160 1337 4213 dicit
