2870 4968
494 481 672 545 ELEGIA
698 483 725 546 1.

187 615 311 703 Septem
324 609 467 702 captivis
482 607 599 678 debilis
613 609 682 676 ibet
693 613 811 703 aquis;

147 727 203 788 tut
212 745 326 814 regum
338 722 466 788 auratis
477 719 683 788 circumdata
697 719 785 788 oolla
796 725 939 804 octenis,

184 835 336 926 Actiaque
346 833 382 896 iu
394 833 493 900 Sacra
506 854 644 899 currere
659 847 769 899 rostra
781 833 856 914 via3

144 947 185 1010 Te
194 967 264 1010 mea
276 947 375 1010 Musa
387 940 452 1010 illis
464 967 598 1034 semper
612 958 806 1010 contexeret
816 945 939 1026 armis,
1104 932 1139 1013 δὲ

181 1059 219 1120 Et
231 1069 342 1121 sumta
354 1069 388 1120 et
400 1055 509 1146 posita
523 1077 607 1146 pace
621 1051 720 1122 fidele
731 1069 844 1147 caput.

105 1248 131 1299 u
140 1266 217 1323 repam
232 1252 331 1304 auratis
342 1251 505 1306 circumdate
516 1251 585 1305 colla
630 1252 701 1306 fecta
714 1252 822 1306 metello
836 1250 961 1326 Oppido,
976 1252 1019 1304 eol
1033 1266 1137 1306 montes

104 1329 201 1394 catenis,
213 1328 340 1401 Actiaque
349 1333 376 1382 iu
388 1331 468 1383 Sacra
480 1350 586 1384 currere
630 1330 786 1403 captivaque
796 1333 918 1408 flumina
939 1333 1048 1384 ferrent.
1068 1333 1137 1385 Hinc

103 1405 247 1458 murario-
265 1409 360 1481 Neque
374 1408 436 1462 duci
451 1411 584 1462 intriom-
629 1405 720 1478 Libyci
740 1408 831 1460 fractis
859 1407 981 1480 lugerent
1011 1409 1137 1462 cornibus
1218 1441 1221 1447 ·

102 1482 145 1554 pho
162 1488 245 1556 imago
264 1491 371 1560 potuit,
389 1501 492 1560 septem
510 1491 584 1542 ostiis
630 1505 738 1553 omnes,
750 1501 824 1540 etc.»
840 1490 938 1544 Fractis
951 1509 1042 1543 amnes
1052 1492 1139 1543 eomi-

102 1564 161 1616 tardc
176 1565 338 1619 incedentem
357 1569 498 1640 AEflypmm
516 1569 583 1621 refe·
630 1566 687 1632 bus,
700 1585 750 1640 pro
763 1585 816 1640 quo
828 1567 939 1620 debilem
950 1568 1046 1622 Nilum
1056 1571 1138 1642 capti-

101 1662 161 1710 rens,
175 1645 219 1698 sed
232 1647 333 1699 Nilum.
352 1648 495 1713 Prteterea,
508 1659 537 1698 ut
550 1647 583 1700 de
629 1644 748 1723 viqurris
757 1647 911 1718 Propertius
921 1647 1021 1718 posuit.
1031 1646 1137 1700 Scilicet

100 1725 145 1774 soni
155 1725 370 1778 msticitatenihil
381 1725 468 1778 dicam
480 1740 505 1778 et
514 1729 584 1779 intoss
628 1723 656 1774 in
669 1724 807 1796 triumpho
827 1728 994 1779 meminimus
1011 1745 1069 1780 esse
1088 1725 1137 1780 du-

98 1797 345 1857 lerabilidesiuentia
362 1807 489 1859 Cauerem
505 1807 583 1880 Egy-
628 1817 684 1856 ctas
707 1805 857 1875 imagines,
882 1824 941 1877 quae
966 1805 1136 1876 provincias,
1197 1799 1200 1804 ⁵

97 1892 154 1950 ptum
166 1897 189 1935 et
201 1883 290 1936 Nilum
303 1903 402 1956 quum,
413 1883 494 1936 habet
504 1889 583 1939 etiam
627 1883 724 1950 urbes,
744 1895 770 1935 et
786 1883 899 1937 subacta
913 1884 1024 1937 flumine
1038 1903 1137 1958 reproe-

97 1961 186 2013 metrica
197 1980 257 2029 ers,
275 1961 349 2034 quod
361 1961 505 2015 admissum
516 1983 583 2018 con·
627 1975 770 2015 tentarent.
786 1993 823 2002 -
842 1963 892 2018 Via
906 1965 995 2017 Sacra.
1010 1965 1135 2034 Sacram,

97 2051 126 2090 tra
143 2059 197 2094 suas
218 2041 325 2116 regulas
344 2042 444 2116 culpet.
461 2043 582 2114 (Scilicet
626 2042 663 2093 ait
681 2043 794 2107 Festus,
819 2042 953 2115 squidem
974 2041 1134 2114 adpellatem
1213 2041 1221 2056 '

95 2119 319 2190 inpenthemimeri
333 2141 388 2173 non
403 2139 482 2194 posse
497 2127 582 2195 perti-
627 2137 685 2172 esse
697 2121 860 2188 existiment,
876 2121 950 2194 quod
960 2124 988 2174 iu
1001 2141 1032 2176 ea
1045 2123 1135 2178 fredus

95 2199 164 2252 rutam
174 2214 198 2255 et
205 2205 270 2274 poni
285 2215 315 2254 ut
325 2201 370 2255 hic
381 2217 438 2270 est,
450 2207 524 2256 «Ant
536 2223 581 2256 cn.
625 2199 709 2250 ictum
728 2201 761 2251 sit
779 2201 849 2252 inter
863 2201 1007 2253 Romulum
1027 2220 1058 2254 so
1081 2205 1134 2257 To·

27 2345 28 2354 ,
95 2295 165 2332 nerem
179 2284 321 2355 AEgpptum
338 2295 365 2336 et
376 2281 580 2358 Nilum,qnnm
625 2279 707 2339 tium;
730 2278 855 2350 quidam,
882 2279 955 2351 quod
979 2299 1011 2333 eo
1039 2283 1133 2336 itinere

27 2363 28 2366 ’
94 2369 173 2413 ineius
188 2363 216 2413 in
235 2361 371 2430 urbem„
393 2362 579 2417 Lachmannus
625 2371 736 2410 utantur
758 2358 930 2427 sacerdotes,
952 2359 1069 2412 idulium
1092 2381 1133 2414 sa·

26 2431 28 2442 '¹
93 2441 579 2515 comparatisexemplisostendittejus
625 2455 732 2489 erorum
756 2437 984 2492 conficiendorum
1008 2459 1129 2494 cause.»

92 2517 438 2594 {dicommentafiummuae
449 2543 531 2596 quum
541 2528 579 2578 im
624 2517 731 2568 initium
742 2515 776 2569 ab
789 2516 986 2588 amphitheatro
996 2520 1038 2571 vit!
1050 2521 1131 2574 sacr!

91 2599 143 2666 tint,
156 2601 284 2653 libror-nm
298 2601 378 2654 tectio
393 2602 447 2656 Aut
458 2623 577 2657 canerem
623 2593 733 2661 babuit,
746 2611 773 2650 et
784 2617 832 2670 per
844 2599 944 2651 viciuos
957 2597 1048 2652 hortos
1055 2603 1132 2671 juxto

92 2677 184 2750 Cypmm
194 2681 276 2734 facile
287 2701 338 2734 nos
351 2681 423 2734 ducit
435 2697 525 2747 eo‚ut
536 2703 578 2737 re-
623 2675 698 2728 Ρθθὶδ
727 2676 856 2750 tempium
882 2691 909 2729 et
935 2677 1024 2730 f01'um
1048 2679 1130 2732 ΟΜ·

90 2775 220 2827 ponamus:
237 2785 249 2809 ι
260 2765 314 2814 Ant
330 2780 421 2815 canere
437 2765 577 2835 incipmm
622 2756 658 2807 ris
676 2769 748 2809 recta
768 2757 895 2810 tendebat
912 2760 939 2810 iu
959 2757 1129 2830 Capitolium.

90 2839 213 2906 etNiiom,
225 2859 310 2912 quum
323 2855 422 2894 tractus
439 2843 466 2893 in
481 2842 575 2896 urbem
621 2835 859 2908 Triumpbantibus
869 2840 1074 2910 imperatoribus
1084 2841 1131 2893 ad·

88 2915 173 2988 Septem
181 2923 292 2993 captivis
300 2920 395 2973 debilis
407 2921 462 2974 ibat
472 2925 572 2996 aquis..
621 2929 724 2968 suetam
738 2917 893 2988 frequenter
910 2937 967 2970 eam
985 2921 1129 2992 scriptores

88 2995 118 3046 Ει
132 3019 217 3052 canere
240 3001 380 3074 inciperem
399 3015 575 3075 posteaquam
621 3009 838 3047 commemorant.
851 2998 893 3048 De
908 2995 1001 3049 eadem
1014 2997 1129 3064 ridell,

87 3075 168 3131 iactum
180 3096 237 3134 erat
252 3101 372 3134 canerem
387 3083 516 3155 ciperem,
533 3083 575 3134 ni·
622 3071 670 3140 ²3,
689 3072 735 3133 ¹55
748 3075 784 3137 fla
800 3074 849 3142 ²42
863 3075 902 3142 14·
912 3105 949 3115 -
958 3076 1036 3128 Actia
1048 3089 1129 3131 rostra

88 3151 212 3213 bilmirum
228 3163 285 3233 jam
304 3175 356 3227 est,
375 3159 437 3213 inde
458 3164 573 3234 Cyprum
620 3171 737 3220 sumere,
761 3155 886 3226 imposita
908 3155 970 3210 vehi
995 3159 1126 3212 curribus.

86 3253 249 3305 promanasse.
269 3243 309 3293 lta
325 3259 387 3293 vero
403 3241 535 3312 particula
549 3251 578 3293 et
622 3234 720 3285 Carere
742 3245 830 3286 autem
853 3247 934 3288 rostra
956 3255 1074 3306 sumre,
1098 3252 1129 3290 ut

86 3331 132 3366 rese
147 3322 275 3372 sustinere
302 3317 405 3390 po'test,
428 3319 574 3391 predicens
619 3313 714 3382 paucis
735 3325 796 3364 ante
812 3312 932 3368 versibus
953 3333 1045 3367 canere
1066 3317 1128 3369 birra

87 3409 156 3460 nova,
171 3416 223 3450 uon
235 3399 372 3469 sequentia
384 3397 519 3470 prioribus
530 3417 575 3449 co·
619 3392 697 3444 toitte
709 3391 793 3455 υαιίας
812 3405 838 3445 et
856 3395 907 3460 111,
926 3395 958 3462 3,
973 3395 990 3448 6
1005 3415 1011 3446 :
1027 3396 1128 3450 «Unde

86 3473 174 3542 potans.
182 3477 300 3530 Verbum
308 3479 422 3552 incipere
430 3480 573 3550 saepisnime
619 3483 696 3542 pater
708 3473 800 3524 sitiens
811 3472 914 3526 Ennius
926 3487 988 3527 ante
998 3473 1082 3542 bibit,
1094 3475 1128 3528 Et

85 3553 170 3610 ridebis
191 3557 263 3629 apud
285 3560 414 3611 Nostrum
434 3557 487 3609 hoc
513 3559 573 3630 ipso
618 3551 713 3602 cecinit
730 3553 825 3605 Curios
841 3553 953 3621 fratres,
972 3567 999 3606 et
1017 3556 1126 3608 Horatia

86 3635 291 3700 n0d000n31m53
304 3639 571 3710 ut11‚19‚19;111‚4‚
594 3647 597 3658 ¹
618 3629 701 3700 pila...
713 3629 821 3684 Anseris
834 3647 859 3684 et
874 3643 958 3684 tutum
972 3634 1128 3706 vocefuisse

87 3712 177 3779 ruit,
192 3734 243 3781 ιο,
264 3735 286 3768 ι.
301 3747 337 3758 -
351 3716 572 3769 Emendationem
617 3709 741 3762 lovem·
763 3713 802 3762 lta
825 3713 905 3764 etiam
915 3715 986 3790 flere
1009 3733 1078 3786 sepe
1096 3716 1124 3768 in

84 3791 573 3866 itemmproverissimatueor‚etlocum
619 3803 728 3840 auctore
740 3803 831 3842 nostro
847 3811 907 3843 cum
918 3791 1047 3846 infinitivo
1059 3813 1124 3847 con·

85 3881 108 3917 nt
118 3869 207 3924 haheat
219 3876 245 3924 in
258 3875 376 3926 venturis
391 3873 571 3938 editionibus,
618 3879 762 3932 structum,
776 3867 808 3919 de
822 3887 875 3940 quo
887 3869 948 3922 vide
960 3873 997 3936 ll,
1009 3889 1056 3942 27,
1071 3891 1095 3944 7.

84 3949 231 4022 confidenter
242 3968 337 4004 auctor
348 3970 416 4004 euru.
425 3951 571 4018 -Niium,
654 3945 697 3998 35.
712 3947 749 3998 Te
758 3965 859 4019 semper
867 3961 1022 4018 contexeret,
1030 3954 1125 4006 misce·

84 4036 301 4096 quumtraetusirr
311 4033 477 4096 urbem,etc.
492 4031 572 4086 Clau·
617 4035 674 4086 Μ’
699 4022 753 4076 mit
776 4027 874 4088 “mitt
900 4047 1003 4099 θεωρεῖ
1026 4039 1125 4082 *tomen

85 4103 181 4175 dianus,
192 4109 224 4163 de
238 4113 318 4165 Cous.
334 4111 433 4164 Stilich.
453 4113 503 4177 111,
520 4127 569 4162 aa:
617 4113 692 4155 tuum
711 4117 785 4175 geste
802 4107 872 4159 inter
889 4109 944 4161 hoo
962 4109 1124 4164 celebratum

88 4185 134 4238 effi
150 4188 257 4244 tumulos
281 4189 417 4244 traherent
436 4207 525 4261 regem
544 4189 573 4240 hi
618 4183 737 4236 referret.
750 4213 783 4224 -
793 4185 831 4236 Et
840 4199 925 4242 sumto
937 4199 964 4240 et
976 4192 1061 4260 posita
1073 4207 1126 4262 po-
