2808 4974
722 1229 954 1268 ARGUHEETW.

349 1338 465 1418 Captus
481 1337 594 1394 iterum
607 1354 625 1392 a
641 1328 798 1413 Cynthia,
818 1329 889 1388 Jovi
908 1324 1068 1387 servitium
1083 1343 1176 1384 suum
1190 1317 1354 1402 Propertius

308 1434 489 1516 exprobrat,
506 1431 650 1491 nondum
670 1429 760 1488 terris
774 1439 910 1508 ereptam
928 1424 1046 1483 mirans
1064 1434 1129 1480 tarn
1145 1417 1305 1502 pulchram
1317 1413 1353 1473 la·

308 1533 398 1593 ciem.
417 1531 492 1590 Esse
505 1550 578 1590 sane
591 1528 850 1608 diguam,quam
861 1521 909 1581 vel
927 1522 992 1602 ipse
1009 1520 1130 1600 Jupiter
1146 1529 1251 1577 amet:
1268 1511 1355 1574 lscho·

308 1627 440 1690 macheu
456 1628 558 1704 illam,
573 1623 789 1708 Proserpinam
804 1620 892 1680 illam
907 1639 986 1693 esse,
1004 1617 1092 1676 illam
1107 1614 1211 1675 forma
1225 1629 1355 1696 superare

308 1725 396 1801 deas;
416 1726 530 1808 quibus
547 1737 595 1784 tot
615 1723 707 1784 bonis
725 1720 807 1782 absit
828 1729 863 1778 ut
882 1735 1035 1798 umquam
1055 1725 1195 1774 senectus
1216 1711 1356 1772 damnum

309 1822 410 1882 ullum
425 1819 564 1882 adferat!

778 1931 890 1949 ..u-—

356 2021 479 2133 Liuius
493 2088 604 2147 eram,
619 2080 654 2133 et
665 2085 775 2132 vacuo
791 2057 981 2127 meditabor
994 2058 1107 2124 vivere
1119 2051 1229 2124 lecto:

401 2181 444 2243 At
457 2199 512 2242 me
524 2175 712 2268 composita
725 2195 808 2266 pace
822 2167 942 2236 fefellit
953 2173 1067 2234 Amor.

354 2293 424 2354 Gur
437 2286 510 2354 haec
521 2289 557 2353 in
569 2290 668 2354 terris
681 2285 784 2353 facies
796 2281 947 2349 humana
958 2281 1131 2346 moratur?

401 2400 573 2491 luppiter,
589 2401 710 2490 ignoro
724 2395 866 2489 pristina
881 2391 972 2459 furtu
987 2405 1056 2456 tua.

355 2508 463 2576 Fulvo
476 2524 651 2592 comaest,
665 2507 845 2600 longaeque
856 2525 996 2583 manus,
1012 2515 1046 2567 et
1058 2499 1204 2565 maxima
1217 2511 1287 2564 toto
1308 2481 1314 2500 '
1344 2501 1357 2555 ⁵

404 2623 572 2712 Corpore;
584 2637 618 2687 et
628 2617 757 2686 incedit
767 2613 822 2683 vel
836 2619 920 2682 Jove
934 2611 1036 2704 digna
1047 2633 1158 2692 soror,

349 2791 371 2826 r.
384 2775 461 2826 Hanc
476 2787 502 2826 et
517 2787 671 2846 sequentem
688 2748 815 2845 elegiam,
859 2763 1127 2821 Dictumhoceodem
1138 2761 1233 2830 modo,
1246 2777 1359 2835 quopro·

310 2851 815 2926 quasBroulthusiusBurmannusque,
861 2866 962 2902 nomen
993 2846 1050 2899 lita
1079 2847 1207 2898 usitatum
1234 2841 1359 2914 Propertio

309 2930 414 2983 duobus
425 2934 452 2982 in
465 2950 546 2983 unam
557 2935 674 2998 coactis,
684 2932 815 3004 Scaligero
860 2931 1010 2983 notavimus
1023 2925 1059 2980 ad
1072 2929 1099 2992 l,
1117 2943 1147 2978 ta
1157 2965 1166 2993 ,
1178 2925 1203 2978 3.
1223 2955 1260 2966 -
1273 2926 1359 2996 Ipaoro

308 3021 443 3080 praeunte
455 3011 654 3064 confusissime
673 3011 816 3080 exhibent,
856 3010 935 3082 fitrta
950 3021 1010 3074 tua,
1022 3022 1047 3060 te
1058 3007 1221 3078 gaudentem
1231 3007 1306 3059 furtis
1317 3022 1359 3056 ne-

309 3089 453 3160 separetim
471 3107 543 3141 nunc
564 3093 665 3161 positas
682 3095 817 3146 restitutas
862 3107 996 3162 quaquam
1009 3105 1135 3159 agnosco.
1150 3087 1285 3158 insignem
1295 3084 1360 3137 furtis

310 3169 411 3239 accipe.
433 3197 470 3208 -
491 3168 569 3220 liber
591 3187 680 3238 eram,
701 3185 752 3224 etc.
777 3172 817 3222 De
862 3171 914 3224 illis
929 3171 1098 3224 meminimus
1110 3169 1212 3220 Jovem.

309 3249 395 3318 prirno
410 3247 463 3300 hoc
478 3247 592 3301 disticho
607 3250 667 3304 vide
684 3252 817 3324 subjectas
899 3253 924 3304 5.
940 3251 1026 3303 Fulvo
1037 3267 1113 3302 coma
1126 3261 1153 3301 et
1166 3248 1252 3317 flava,
1266 3262 1359 3301 summo

310 3326 344 3378 ad
355 3329 483 3406 Propertii
492 3331 580 3380 Vitam
595 3329 817 3400 chronologicam
862 3331 958 3384 habitae
966 3333 993 3381 in
1003 3328 1107 3382 honore
1116 3325 1361 3382 veteribus-bort·

248 3431 255 3444 ·
310 3419 407 3474 notas,
428 3426 510 3476 supra
532 3427 593 3480 pag.
616 3425 658 3479 17.
674 3439 710 3450 -
728 3411 817 3464 Vacuo
861 3428 902 3486 9ae
919 3427 1021 3462 acanus.
1040 3405 1144 3459 Laudat
1160 3405 1253 3459 itidem
1277 3419 1361 3456 manus

311 3484 395 3575 lecto,
408 3484 515 3551 caelibe,
530 3488 575 3558 qui
585 3487 618 3538 sit
630 3487 735 3540 clausus
745 3507 817 3540 atno-
858 3489 1007 3564 procerulat
1018 3487 1159 3560 Apuleius,
1169 3486 1268 3540 Florid.
1280 3487 1311 3552 ll,
1325 3481 1361 3536 15.

310 3562 393 3616 ribus.
421 3593 458 3603 —
482 3566 638 3620 Meditabar.
668 3570 816 3638 Quaerebam
861 3573 1030 3642 -Corpore
1053 3580 1106 3622 toto
1126 3568 1272 3620 maximam
1291 3561 1361 3618 intel·

311 3641 512 3710 broukhusius,
537 3645 722 3714 Burmannus,
746 3647 817 3698 Καὶ·
862 3644 930 3716 lige,
958 3657 1057 3695 statura
1078 3661 1188 3715 prorsus
1210 3651 1361 3712 maximam,

311 3719 639 3793 noe12AScaligerohoc
660 3739 715 3792 est,
738 3745 817 3798 quem
862 3725 951 3794 posito
967 3721 1011 3774 hic
1034 3721 1168 3775 vocabulo
1190 3736 1257 3780 totus
1274 3725 1361 3778 adrer-

311 3799 416 3891 videtur
427 3802 547 3871 ejusdem
558 3803 629 3856 verbi
640 3808 763 3877 repetitio
774 3806 818 3860 de·
862 3801 982 3868 hialim,
997 3817 1026 3855 ut
1042 3821 1099 3855 esse
1112 3803 1226 3858 diximus
1236 3805 1283 3857 lib·
1295 3809 1320 3872 l,
1333 3801 1360 3870 5,

312 3897 413 3950 cepisse
434 3901 440 3930 :
461 3901 509 3952 pro
530 3897 559 3934 ut
580 3885 650 3936 enim
676 3903 766 3938 versus
789 3888 817 3936 in
863 3898 907 3934 aa.
927 3913 964 3922 -
981 3885 1017 3934 Et
1031 3883 1143 3952 incedit,
1160 3898 1211 3937 etc.
1235 3886 1362 3938 Orationis
1392 3881 1394 3892 '

312 3957 478 4029 disponendo
489 3963 766 4034 carminetrajeccrat,
777 3983 818 4018 se·
862 3961 930 4014 dura
949 3978 976 4014 et
994 3963 1121 4036 impedita
1139 3968 1317 4028 constructio,
1336 3976 1361 4015 nt

255 4094 257 4098 Α
312 4039 445 4112 quebatnr
459 4043 607 4112 Quaerebam
618 4044 685 4097 sicca
694 4045 717 4098 si
725 4057 818 4118 posset,
863 4061 918 4095 non
930 4062 991 4107 raro
1004 4045 1077 4116 apud
1089 4047 1225 4098 Nostrum.
1238 4047 1277 4096 lta
1287 4063 1360 4116 cape:

312 4120 358 4190 qui
374 4120 520 4174 versiculus
535 4121 624 4194 elegite
640 4126 722 4175 tertiae
741 4127 819 4198 quin·
866 4148 878 4171 ι
888 4125 920 4175 Et
936 4123 1053 4192 incedit,
1072 4144 1131 4198 quas
1144 4126 1185 4178 vel
1196 4125 1276 4197 digna
1293 4139 1362 4177 soror

313 4210 356 4249 tus
370 4211 419 4249 est.
863 4203 994 4256 habeatur
1008 4205 1083 4273 Jovi,
1102 4221 1149 4260 aut
1168 4206 1269 4260 incedit
1282 4203 1362 4258 Pallas

348 4277 375 4330 3.
387 4277 451 4330 Hac
458 4276 543 4349 facies
553 4278 684 4350 hamana,
697 4280 818 4356 Cynthia.
865 4283 1127 4359 (qualisl'allasest),
1137 4303 1219 4360 quum
1230 4283 1361 4340 Dulichias
