2940 4974
318 453 379 530 (io,
609 453 876 521 PROPERTII
900 453 991 518 LIB.
1017 454 1049 518 1.

410 583 519 666 Quam
531 579 597 646 cito
609 575 652 644 de
665 575 759 645 tonto
773 580 911 646 nomine
922 601 1040 644 rumor·
1051 580 1133 646 eris!

363 695 439 756 Non
450 713 513 782 ego
524 705 597 758 tum
608 705 727 782 potero
739 689 857 758 solatia
868 690 957 758 ferre
969 693 1118 780 roganti,

408 805 524 886 Quum
535 799 618 867 mihi
629 799 723 866 nulla
735 801 802 867 mei
814 802 858 868 sit
871 799 1039 867 medicina
1049 799 1145 866 mali:

362 909 425 980 Sed
436 915 562 1006 pariter
573 914 687 980 miseri
702 915 793 980 socio
804 933 965 1005 cogemur
975 935 1091 980 amore
1139 939 1142 946 ·

406 1021 499 1090 Alter
510 1026 546 1091 in
557 1023 697 1091 alterius
709 1039 828 1090 mutua
840 1021 923 1090 flere
934 1025 1024 1091 sinu.
1335 1039 1368 1092 30

359 1137 490 1218 Quare,
504 1131 587 1227 quid
601 1135 710 1226 possit
720 1153 798 1200 mea
808 1130 971 1226 Cynthia,
983 1131 1118 1216 desine,
1129 1132 1241 1214 Galle,

404 1246 564 1329 Quaerere
577 1269 585 1310 :
599 1266 668 1310 non
680 1245 821 1336 impune
833 1241 891 1310 illa
902 1257 1018 1336 rogata
1031 1245 1133 1312 venit.

312 1473 408 1513 notans
417 1497 425 1526 ,
434 1461 510 1533 Capi.
520 1462 558 1528 11,
571 1463 602 1529 3,
617 1462 662 1530 43,
672 1476 698 1516 et
706 1463 815 1518 Terent.
862 1481 934 1518 maro
944 1477 971 1516 ot
979 1463 1096 1534 sdiissare
1106 1480 1187 1535 supra
1196 1461 1305 1514 dicitur.
1319 1460 1369 1514 sed

311 1542 406 1611 Hecyr.
423 1542 472 1606 1v,
488 1539 519 1606 4,
538 1557 564 1610 9.
584 1571 621 1581 —
636 1540 736 1593 Rumor
751 1543 815 1608 eris,
862 1561 893 1595 ex
906 1532 960 1594 hoc
976 1544 1035 1614 ipso
1052 1539 1113 1593 ioco
1129 1542 1272 1608 sentimus,
1286 1539 1368 1592 molto

311 1617 384 1687 ruigi
396 1619 464 1670 risus
474 1631 500 1671 et
516 1617 623 1684 fabula,
639 1617 776 1690 quomodo
790 1631 817 1672 et
861 1623 949 1674 minus
958 1619 1101 1673 timendam
1111 1638 1170 1673 eam
1179 1619 1258 1672 Gallo
1265 1632 1371 1692 reputr-

310 1713 454 1750 sermonem
469 1696 580 1769 legimus
592 1699 630 1765 11,
649 1715 697 1766 21,
710 1715 735 1768 7.
862 1701 893 1753 ri.
906 1731 943 1741 —
953 1702 1078 1753 Diversus
1102 1699 1194 1753 Gallos
1214 1701 1369 1768 Propertius

347 1792 389 1846 29.
402 1775 456 1829 sed
465 1777 567 1848 pariter
578 1777 681 1844 miseri,
693 1789 743 1830 etc.
756 1778 815 1829 Hoo
861 1791 1002 1846 memorat,
1014 1777 1049 1830 de
1059 1777 1157 1851 quibus
1166 1776 1269 1847 (fictum
1280 1795 1370 1829 anve·

311 1874 392 1926 quam
413 1854 528 1923 falsum,
549 1875 628 1927 quam
649 1855 765 1908 alienum
780 1855 814 1908 ab
860 1877 919 1910 rum
930 1857 1010 1929 hujus
1021 1858 1105 1909 nostri
1115 1875 1214 1909 nomen
1226 1855 1321 1925 rueris)
1335 1855 1368 1905 cf.

309 1951 397 1986 amoro
416 1935 466 2000 sit,
482 1937 614 1987 neminem
631 1935 723 2006 fugiet.
741 1933 815 2002 Quid
861 1949 918 1990 not.
940 1937 974 1990 sd
991 1939 1080 1990 Vitam
1097 1948 1184 2009 poete
1202 1934 1370 2006 Chronolog.

310 2014 400 2065 enim?
411 2031 583 2085 corrumpere
592 2027 677 2067 tentat
686 2013 732 2067 illo
745 2017 815 2088 Cyn·
861 2037 924 2071 ann.
941 2017 1001 2088 7¹4·
1012 2019 1170 2090 -Iioyasa,
1181 2029 1283 2068 romara
1294 2055 1303 2084 ‚
1316 2014 1370 2067 soi-

309 2089 391 2143 thism
405 2109 456 2143 neo
471 2104 574 2163 potest,
588 2108 650 2144 cum
665 2111 752 2164 eoque
768 2091 815 2145 fle·
860 2097 961 2150 licitsts
980 2097 1014 2150 ad
1032 2115 1158 2150 amorem.
1176 2097 1278 2168 Royan
1301 2094 1372 2146 venit

309 2169 348 2222 bit
361 2173 533 2240 Propertius?
546 2189 596 2223 sna
609 2184 635 2223 et
651 2171 740 2223 rivalis
755 2172 815 2224 fore
860 2195 911 2249 pro
927 2177 1015 2249 simpl.
1034 2189 1158 2247 rogatur,
1175 2188 1205 2226 ut
1221 2191 1285 2224 mox
1304 2175 1370 2226 Irn'·

309 2253 463 2304 communis
493 2251 585 2304 maia?
611 2253 720 2323 Optabo
747 2251 815 2304 nulli
861 2265 916 2308 tata
935 2257 1006 2306 verrit
1026 2253 1092 2324 eleg.
1111 2269 1158 2318 so,
1177 2251 1226 2314 25;
1242 2251 1310 2304 Non
1335 2253 1370 2304 isa

308 2330 388 2382 salem
408 2343 555 2396 amatorem
575 2332 687 2383 femine.
704 2332 814 2398 Quanto
858 2353 924 2387 saeoa
939 2336 1038 2386 veneris
1059 2334 1099 2386 ira
1118 2332 1152 2385 ei.
1170 2333 1218 2396 18,
1239 2332 1289 2398 ¹4³
1307 2333 1370 2388 Non

307 2413 417 2464 verioris
439 2411 558 2466 adfectus
583 2411 645 2464 hoc'
660 2425 716 2465 erat
736 2414 813 2465 initio
859 2412 914 2466 hoec
927 2410 981 2464 ulli
1001 2412 1105 2485 inqrata
1123 2409 1228 2462 venient
1248 2411 1290 2474 11,
1316 2408 1370 2476 34,

309 2493 451 2544 carminis:
466 2491 593 2558 alands,
609 2505 638 2544 tu
652 2491 814 2545 tandomvo·
859 2492 903 2545 81.
918 2493 995 2543 Hanc
1014 2487 1190 2562 scriptoribus
1207 2487 1311 2541 Latinis
1327 2489 1370 2541 fs·

309 2588 353 2622 ces
380 2587 518 2642 compesce
537 2571 678 2635 molestas,
704 2573 737 2624 Et
754 2573 812 2625 sine
858 2569 1005 2635 milissem,
1023 2581 1080 2622 tum
1099 2569 1245 2640 praesertim
1256 2569 1370 2640 Proper-

309 2667 358 2702 nos
368 2669 466 2717 curso,
477 2671 531 2724 quo
541 2669 646 2718 sumus,
656 2653 693 2703 ire
703 2669 810 2722 pares·
858 2651 897 2702 tio
908 2689 917 2716 ,
940 2649 1014 2702 verbi
1038 2649 1125 2702 renim
1146 2648 1370 2719 significationem

344 2731 388 2782 31.
405 2730 476 2801 Quid
487 2731 581 2802 possit,
597 2733 624 2782 in
643 2733 713 2782 viros
731 2732 813 2801 impe·
856 2729 924 2782 ltsls
943 2749 992 2782 nec
1011 2731 1069 2802 ipsa
1090 2729 1183 2801 lingua
1200 2730 1369 2801 temporibus

309 2809 349 2860 rio
363 2827 429 2876 suo,
446 2827 513 2881 quos
529 2809 571 2861 vol
588 2811 746 2882 asperrimos
763 2809 814 2862 do·
859 2811 958 2862 nostris
969 2811 1083 2880 ignorat.
