2940 4974
276 503 317 548 22
609 483 866 548 PROPERTll
893 483 996 548 VlTA

273 610 339 690 ipse
352 607 509 689 Augustus
523 608 556 667 in
568 606 659 668 ltalia
672 605 841 669 Brundusii
853 621 947 682 esset,
967 610 1009 668 ita
1028 608 1185 686 ominari,
1200 619 1235 672 ut
1246 612 1328 672 mul·

272 705 313 765 tis
327 704 449 765 occasio
465 702 653 788 preberetur
671 725 706 765 eo
727 704 950 786 proficiscendi.
970 703 1100 766 Videtur
1120 727 1191 768 vero
1211 707 1329 768 deinde

273 801 404 862 Messala
421 814 518 863 totam
529 803 630 862 Asiam
642 801 814 877 minorem,
827 801 915 884 cujus
933 803 1035 884 potior
1048 825 1119 886 pers
1132 805 1172 866 ab
1188 806 1328 868 Antonio

273 910 412 974 steterat,
432 919 535 960 rerum
554 899 801 960 ordinandarum
815 898 1068 982 populorumque
1085 901 1118 960 in
1135 900 1329 963 deditionem

273 997 525 1079 accipiendorum
540 1018 652 1073 causa,
671 999 855 1079 percurrisse
870 997 974 1080 (quod
989 999 1083 1058 etiam
1098 1011 1181 1060 sexta
1197 999 1330 1080 Proper-

273 1096 311 1156 tii
320 1095 418 1178 eleqia
430 1095 484 1156 lib.
500 1098 529 1171 l,
542 1117 587 1156 vs.
600 1097 633 1158 31
648 1117 715 1183 sqq.
727 1097 865 1176 innuit),
875 1118 910 1156 ac
924 1095 1035 1156 deinde
1046 1116 1169 1176 quoque
1178 1099 1331 1178 Cyzicum

274 1195 445 1270 accessisse,
459 1193 542 1255 unde
554 1192 739 1275 gladiatores
758 1195 808 1254 isti
822 1194 1066 1274 emigraverant3
1081 1207 1116 1254 ut
1133 1193 1211 1254 adeo
1226 1197 1331 1256 mani·

274 1289 387 1352 festum
409 1293 465 1369 sit,
485 1289 567 1353 hsnc
586 1281 697 1352 urbem
715 1294 749 1352 in
771 1303 925 1374 potestate
943 1311 979 1352 ac
996 1290 1059 1352 fide
1071 1293 1198 1354 Antonii
1221 1292 1329 1354 fuisse.

275 1390 430 1472 Angustus
444 1401 524 1451 certe
537 1390 736 1472 sequentibus
748 1389 939 1471 temporibus
958 1389 1053 1451 simili
1070 1412 1162 1452 cursu
1179 1392 1331 1453 itinerum

275 1506 349 1548 usus
369 1499 415 1548 est
438 1486 520 1566 (rid.
549 1489 650 1569 Heyn.
674 1487 779 1546 Vitem
804 1487 957 1567 virgil),
980 1505 1045 1568 quo
1072 1499 1213 1568 tenpore
1233 1491 1331 1548 etiam

276 1582 435 1666 Cyzicenis
457 1584 631 1645 libertatem
650 1582 766 1644 ademit
780 1605 788 1642 ε
802 1581 888 1663 quod
902 1603 1002 1664 quum
1015 1582 1133 1644 factum
1148 1583 1187 1642 sit
1202 1582 1330 1644 demum

275 1684 311 1742 A.
323 1681 361 1742 U.
379 1679 454 1764 734,
466 1683 509 1744 M.
524 1679 655 1765 Apuleio
669 1692 700 1742 et
711 1683 746 1742 P.
760 1679 836 1742 Silio
849 1681 950 1742 Nerva
962 1701 1037 1742 coss.
1054 1680 1223 1762 &demque
1238 1680 1333 1742 liber·-

276 1790 324 1840 tas
341 1781 482 1841 restituta
506 1779 615 1840 iisdem
643 1781 678 1840 A.
706 1781 744 1840 U.
770 1781 848 1861 739,
875 1791 949 1840 teste
973 1777 1082 1840 eodem
1106 1780 1228 1853 Dione,
1253 1797 1332 1838 coss.

276 1877 321 1938 M.
340 1879 442 1939 Druso
461 1877 579 1940 Libone
594 1891 624 1940 et
643 1881 678 1940 L.
700 1877 873 1959 Calpurnio
887 1877 1014 1951 Pisone,
1032 1875 1122 1938 focile
1135 1877 1267 1958 quisque
1285 1877 1333 1935 vi·

277 1972 329 2035 det
347 1972 578 2035 Broukhusium
598 1971 714 2034 frustra
729 1973 768 2034 de
786 1994 866 2033 eare
885 1975 1042 2053 cogitasse.
1064 1975 1164 2032 Locus
1184 1971 1282 2051 igitur
1303 1971 1332 2046 l,

277 2071 298 2132 6
326 2089 364 2132 πο

303 2116 312 2148 ,
372 2117 381 2147 ’
466 2172 493 2214 Et
505 2181 585 2217 vetera
596 2167 674 2216 oblitis
679 2169 736 2230 iura
746 2167 807 2216 refer
816 2170 899 2224 sociis,

279 2301 344 2344 non
355 2295 479 2344 tanturm
491 2281 530 2344 sd
541 2283 709 2365 Cyzicenos
720 2282 870 2364 pertinet,
882 2282 934 2342 sed
946 2281 986 2343 ad
998 2301 1108 2343 omues
1116 2282 1193 2342 Asiae
1204 2294 1236 2342 et
1247 2282 1335 2342 Grae-

280 2380 334 2440 ciae
346 2379 477 2442 fortasse
490 2401 618 2463 quoque
630 2381 783 2464 populos,
801 2381 856 2462 qui
874 2383 908 2441 in
921 2382 1064 2442 societate
1076 2379 1187 2462 populi
1202 2381 1335 2441 llomani

279 2477 425 2555 fuerant,
439 2480 616 2562 quibusque
630 2477 681 2561 jus
700 2477 869 2540 dicendum
883 2491 968 2553 erat;
988 2477 1020 2538 id
1038 2478 1123 2560 quod
1144 2479 1238 2559 longo
1255 2492 1337 2538 tem-

281 2597 374 2660 pore,
385 2589 511 2660 propter
519 2576 600 2638 belle
610 2577 734 2652 civilis,
746 2577 812 2636 lieri
825 2575 1011 2658 impeditum
1021 2590 1051 2637 et
1059 2577 1206 2637 omissum
1217 2575 1335 2650 luerat,

280 2675 365 2738 unde
385 2675 468 2738 obliti
485 2677 644 2738 dicuntur.
664 2675 755 2736 'lullo
769 2695 844 2737 vero
862 2673 923 2735 boc
945 2676 1111 2751 tribuitur,
1132 2675 1207 2756 quia
1224 2679 1337 2756 accepti

280 2789 348 2838 erat
360 2777 474 2858 inperii
490 2796 569 2858 pars.
584 2775 672 2837 lolem
685 2773 799 2835 deinde
812 2773 921 2835 Tullus
937 2774 1058 2857 Cyzici,
1081 2775 1260 2834 smoenitate
1273 2774 1336 2834 lori
1442 2775 1454 2792 ‘

281 2887 407 2957 captus,
421 2895 476 2956 per
491 2873 614 2954 aliquot
631 2892 733 2934 annos
746 2869 867 2932 haesisse
880 2871 1026 2944 videturs
1048 2871 1133 2933 unde
1155 2871 1337 2954 Propertius

281 2973 384 3056 ipsum
397 2972 458 3047 lll,
476 2991 529 3047 aa,
543 2972 668 3046 invitat,
680 2983 716 3030 ut
727 2970 861 3030 Romam
877 2983 1064 3046 revertatur,
1081 2971 1188 3052 ibique
1201 2969 1337 3031 honores

281 3083 446 3134 consuetos
459 3071 607 3152 consequi
622 3067 752 3129 studeat.

322 3171 412 3232 Circo
422 3169 482 3232 boc
491 3181 613 3252 tempus
622 3167 802 3251 Propertius
814 3167 959 3227 nondum
970 3169 1151 3228 innotuerat
1161 3165 1336 3240 Mesenae,

280 3266 396 3350 quippe
409 3266 503 3326 'l'nllo
518 3277 653 3347 patrono
664 3285 739 3326 usus
752 3265 860 3339 unice3
877 3263 960 3324 unde
974 3263 1062 3324 nulla
1076 3265 1253 3326 Maecenatis
1266 3275 1337 3324 toto

282 3361 335 3422 lib.
348 3363 363 3423 l
375 3363 509 3437 mentio,
524 3381 625 3442 neque
639 3363 732 3422 etiam
748 3363 886 3441 Augusti.

609 3511 641 3562 A.
654 3512 686 3562 U.
699 3509 730 3562 C.
744 3509 811 3581 7253
825 3511 954 3582 Propertii
968 3514 1010 3580 24.

540 3591 627 3644 Cesar
638 3593 799 3644 Octavianus
810 3593 848 3653 V;
863 3591 921 3644 Sex.
933 3593 1070 3664 Apuleius.
1112 3593 1119 3612 '

320 3733 393 3794 Tres
409 3733 536 3794 &saris
554 3731 708 3816 triumphi
726 3755 733 3794 ε
754 3731 914 3816 lllyricus,
935 3735 1092 3808 Actiacus,
1109 3734 1280 3816 AEgyptius.
1298 3734 1337 3793 ln

282 3826 367 3890 hunc
382 3847 502 3890 annum
517 3827 623 3892 referri
635 3829 727 3892 debet
738 3831 865 3913 scriptio
877 3831 954 3912 eleg.
966 3831 984 3892 3
996 3830 1052 3894 lib.
1067 3831 1125 3907 lll,
1138 3843 1265 3913 propter
1279 3849 1337 3890 vss.

283 3923 413 4002 43-46.
432 3926 523 3988 Conf.
539 3929 639 4009 lleyu.
654 3928 826 3992 Observatt.
844 3929 884 3989 sd
901 3929 1010 4010 Virgil.
1026 3929 1146 3992 AEneid.
1159 3929 1247 4003 Vlll,
1268 3927 1338 4009 726.
