2808 4974
336 660 615 758 ELEGIA
656 661 770 758 XX.

375 865 437 929 an
458 863 729 930 evvrfflsu.

436 1243 667 1280 ΔΙῦῦΙΙΠῦΙ.

89 1365 205 1447 Decepta
224 1364 301 1426 falso
319 1385 444 1426 rumore
462 1363 599 1449 Cynthia
618 1365 859 1425 inconstantiam
878 1365 1012 1426 amantis
1033 1367 1080 1426 sui

62 1482 101 1544 per
112 1462 201 1523 literas
217 1485 286 1525 curn
301 1463 423 1544 magnis
441 1461 587 1544 lacrymis
604 1463 806 1523 incusaverat.
827 1461 970 1524 Puellam
989 1464 1083 1524 nimis

62 1557 188 1618 cedulam
199 1559 316 1620 solatur
327 1560 522 1642 Propertius:
541 1561 656 1620 mutari
668 1558 761 1619 fidem
775 1580 879 1636 suam,
893 1559 1081 1642 refrigerari,

62 1655 189 1737 quidquid
198 1671 348 1733 tentetur,
364 1657 508 1718 ardorem
523 1677 614 1718 suum
635 1676 723 1738 posse
740 1671 847 1740 nagan
864 1670 930 1716 tam
946 1657 1083 1740 pulchris

61 1750 157 1831 ignibus
174 1775 237 1814 uon
260 1755 321 1814 nisi
340 1768 474 1814 mortem
492 1753 558 1815 fore
581 1755 754 1814 terminum
777 1754 922 1829 confidit3
947 1775 978 1814 se
998 1753 1083 1836 apud

62 1847 149 1910 inferos
161 1851 274 1912 aeternis
287 1852 390 1934 poenis
399 1851 548 1928 devovet,
563 1852 588 1911 si
598 1851 750 1911 memoria
762 1872 818 1912 sua
829 1851 921 1912 illum
930 1873 1082 1934 umquam

62 1944 188 2026 ingratum
200 1948 316 2010 fecerit.

10 2084 19 2139 Ι
498 2101 611 2120 ⁸⁴-—

10 2218 19 2297 ⁴!
96 2180 186 2320 Qun
196 2225 257 2294 iles
269 2223 415 2294 abducta
428 2227 563 2317 gravius
575 2222 745 2293 Briseide?
757 2226 840 2320 quid
853 2225 915 2296 iles

13 2308 19 2335 ι
129 2340 225 2406 Anxia
236 2340 370 2430 captiva
384 2339 513 2406 tristius
527 2335 785 2406 Andromacha?

93 2449 202 2534 Quidve
214 2475 291 2519 mea
306 2448 481 2518 defraude
494 2448 593 2533 deos,
607 2452 744 2532 insana,
759 2449 901 2542 fatigas?

127 2559 206 2648 ¹Quid
218 2563 373 2655 quereris
386 2577 537 2628 nostram
549 2563 598 2628 sic
609 2559 771 2630 cecidisse
784 2557 910 2628 fidem?

15 2634 21 2755 l
93 2674 227 2741 llontam
240 2689 408 2741 nocturna
418 2672 568 2741 volucris
581 2674 716 2742 funesta
729 2671 867 2769 querela
1069 2687 1085 2738 5

16 2764 22 2841 l
127 2786 224 2852 Attica
236 2785 408 2876 Cecropiis
420 2784 586 2877 obstrepit
600 2787 635 2852 in
647 2783 752 2868 foliis;

94 2897 147 2962 Nec
156 2911 285 2964 tanturn
298 2896 421 2980 Niobe,
439 2896 490 2964 bis
503 2919 563 2964 sex
574 2894 617 2964 ad
630 2896 748 2979 busta,
763 2919 911 2989 superne

17 3036 22 3075 s
128 3004 264 3076 Sollicito
276 3005 444 3100 lacrymas
460 3005 581 3074 defluit
592 3031 613 3074 a
627 3005 753 3100 Sipylo.

17 3120 23 3233 l
88 3173 104 3209 1.
119 3161 228 3216 Abducta
247 3163 362 3217 Briseide
369 3181 379 3224 ‚·
400 3160 533 3229 Briseide,
579 3181 651 3236 parn.
676 3163 765 3216 Scenre
788 3157 953 3213 tradiderunt
970 3159 1088 3212 fabulam

17 3240 23 3315 ᾗ
64 3252 119 3305 Μ
131 3259 154 3294 se
169 3241 274 3295 rideret
290 3241 386 3295 Achilli
404 3255 533 3314 ereptam.
579 3239 717 3314 AEsclsplus
728 3249 753 3292 et
765 3237 919 3310 Sophocles.
932 3267 969 3279 -
986 3239 1088 3292 Obstre-

9 3343 23 3399 ,
85 3315 103 3368 5.
116 3317 224 3373 Vulneris
233 3317 535 3392 funesta,l’lrilnnrela,
578 3339 640 3394 pere
651 3321 684 3373 de
699 3333 780 3372 cantu
790 3316 963 3390 qnerulo,nt
974 3315 1089 3369 vidimus

18 3410 23 3469 ff
63 3397 307 3464 &Atheniensium
316 3401 460 3453 Pandionis
470 3400 534 3466 filis,
578 3405 635 3474 jorn
652 3402 680 3467 l,
702 3399 750 3463 16,
772 3397 816 3466 46.
832 3397 876 3460 Sic
892 3409 919 3448 et
938 3396 1088 3468 increpare,

10 3474 24 3555 l
64 3481 234 3546 utlrocnen
262 3480 358 3534 hahuit
389 3499 536 3547 sororem,
582 3475 1090 3552 queri,lll,ro,ro,lV,rr,60.-

9 3549 25 3567 ''
63 3554 133 3610 Pucne
148 3580 209 3613 vero
225 3561 340 3612 Tereum
358 3559 477 3612 Thracis
494 3577 536 3610 re-
583 3558 706 3629 Cecropic
719 3555 793 3629 folia
807 3573 855 3626 pro
867 3553 939 3606 silvis
950 3555 1052 3606 Atticis.
1154 3595 1155 3600 ,

62 3643 235 3704 trumentum.
257 3643 323 3708 llic,
342 3641 433 3692 vitiata
450 3639 537 3692 Philo·
618 3653 644 3706 7.
665 3636 768 3702 Niobe,
789 3631 948 3704 Amphionis
969 3631 1090 3686 'lirebani

63 3717 121 3784 uela,
133 3741 209 3794 quum
222 3723 340 3794 linguam
352 3725 390 3788 ei,
405 3739 439 3774 ne
450 3720 538 3774 dirul-
582 3717 651 3785 regie
663 3731 743 3780 uxor,
754 3726 830 3784 patre
844 3709 974 3778 Tantalo,
988 3711 1090 3764 duode-

19 3804 25 3857 ἑ
63 3800 227 3868 pratariam,
239 3803 413 3866 exsecuisset,
426 3803 537 3866 Procne,
582 3795 633 3848 cim
643 3795 711 3846 natis
721 3791 877 3864 superbiens
888 3791 1091 3844 cusabatonarn

19 3876 25 3937 i
64 3881 192 3949 tergun,
208 3879 538 3952 interiectnmliliumltyn
582 3875 729 3946 despicere.
762 3869 866 3924 Prolem
896 3871 954 3939 ejus
984 3889 1090 3924 omnent

20 3991 33 4020 κ,
64 3957 112 4020 leui
122 3977 209 4011 nense
230 3959 365 4031 adposuit.
388 3959 538 4030 Insequitur
582 3950 680 4025 Apollo
706 3951 808 4020 sagittis
836 3948 981 4009 exstinxit;
1007 3963 1092 4002 mater

21 4022 26 4095 [
64 4028 236 4092 lmtsneus
256 4057 362 4092 sorores
377 4036 459 4104 duas,
475 4055 540 4110 qua·
582 4035 641 4104 ipsa
653 4028 741 4083 Niobe
753 4045 846 4080 saxum
859 4027 888 4077 in
904 4024 995 4097 Sipylo
1008 4025 1092 4099 Plu-5-

21 4120 27 4189 ᾗ
66 4126 106 4164 run
115 4115 183 4170 altera
201 4121 229 4170 in
243 4115 400 4182 lusciniam,
414 4117 497 4170 altera
511 4117 538 4167 in
583 4113 631 4181 gire
649 4120 740 4160 monte
754 4107 827 4157 iacta
843 4119 892 4158 eet.
906 4103 976 4158 Vide
991 4105 1090 4177 Gierig.

66 4184 200 4250 hirudinem
214 4210 349 4264 mutatur,
363 4197 457 4268 ipsein
467 4211 539 4265 upu·
585 4189 619 4243 sd
631 4187 709 4245 Orid.
724 4187 831 4238 Metam.
844 4185 897 4253 Vl,
915 4183 974 4251 146.
984 4213 1021 4224 —
1030 4183 1093 4236 Vul-
