2870 4968
294 451 1341 493 =================³===============================

576 613 829 718 ELEGIA
863 618 1058 716 XVIII.

433 793 443 818 '
533 847 597 913 on
617 847 833 913 crurum
857 848 1102 933 Querens.

703 1273 934 1314 indumentum.

332 1378 493 1460 ingratam
504 1381 618 1444 iterum
634 1395 775 1466 expertus
789 1383 975 1468 Cynthium,
994 1385 1081 1444 venit
1099 1384 1282 1468 Propertius
1294 1385 1355 1448 de·

292 1487 407 1535 sertum
419 1476 458 1536 nd
473 1477 594 1558 iocum,
614 1492 644 1542 et
658 1480 757 1543 libere
772 1483 893 1544 narrari
912 1479 1027 1564 gaudet
1039 1501 1129 1564 posse
1144 1481 1276 1566 rupibus
1290 1481 1356 1545 do·

292 1569 375 1633 iores
387 1593 468 1636 suos.
487 1576 515 1636 Ο
533 1579 628 1639 vices!
648 1600 668 1640 o
681 1592 836 1640 mutatum
857 1581 988 1642 sortem!
1004 1599 1023 1640 ο
1042 1579 1189 1640 miserum
1207 1599 1240 1640 se
1260 1579 1356 1642 brevi

292 1665 412 1730 fuctum
430 1671 470 1733 de
485 1672 682 1738 felicissimo!
701 1677 802 1760 Culpa
815 1697 890 1738 vero
909 1695 1090 1759 ecqnaeuem
1106 1697 1162 1738 suu
1179 1675 1246 1737 esti
1263 1677 1357 1739 unde

293 1764 392 1848 frigus
410 1768 506 1846 illud,
522 1772 606 1834 unde
623 1773 765 1836 simultas
781 1774 904 1836 exorte?
919 1776 966 1835 Au
985 1787 1159 1856 suspectum
1177 1795 1267 1836 suem
1286 1796 1358 1838 esse

294 1859 412 1925 fidem?
427 1887 468 1926 an
482 1867 576 1950 signis
591 1889 704 1950 purum
717 1871 821 1932 testari
835 1891 868 1932 se
883 1890 1024 1932 amorem
1040 1867 1154 1930 sunmi
1172 1889 1211 1928 sn
1221 1895 1224 1902 ¹
1235 1867 1357 1950 objici,

296 1961 380 2040 quod
393 1963 465 2023 satis
488 1985 552 2025 nou
573 1961 715 2028 didicerit
731 1969 797 2050 pati
819 1967 932 2027 leniter
951 1963 1120 2047 iujuriam?
1142 1963 1207 2026 Ah!
1231 1963 1358 2026 femina

296 2055 385 2116 nullu
394 2061 506 2120 tentari
521 2081 552 2122 se
563 2061 625 2122 elia
637 2083 725 2145 posse
737 2085 745 2122 ι
763 2078 793 2124 et
801 2077 880 2124 stare
892 2063 1014 2123 ardoris
1023 2063 1071 2124 sui
1082 2061 1130 2122 rel
1142 2075 1358 2123 monuments

297 2153 443 2216 arbores:
460 2170 491 2218 et
511 2159 569 2220 sibi
590 2159 713 2221 dudum
726 2181 785 2244 pro
808 2161 876 2242 iege
899 2162 975 2244 poni
999 2159 1220 2242 quodcumque
1240 2157 1358 2241 jubeat

298 2249 443 2332 iniquum
455 2253 599 2336 Cynthio.
613 2255 724 2318 Saevist
736 2257 791 2318 ilia
806 2256 894 2334 iicet,
913 2277 970 2318 nec
984 2255 1107 2316 mollire
1121 2256 1206 2316 sinat
1221 2269 1357 2338 pectus:

299 2348 428 2429 ingratae
449 2348 528 2410 nihil
549 2353 653 2416 minus
668 2369 750 2417 smet
767 2357 832 2438 ipse
856 2375 963 2416 oerum
983 2374 1101 2415 nomen
1115 2352 1287 2415 clamatum
1304 2351 1358 2436 je·

300 2455 382 2505 ctare
395 2465 450 2528 per
466 2445 565 2509 silves.

769 2582 880 2601 -*-

350 2683 452 2794 Huc
464 2741 554 2796 certe
566 2728 698 2796 deserte
712 2729 784 2796 locs
797 2745 831 2796 et
841 2731 1007 2796 taciturna
1018 2729 1187 2823 querenti,

394 2839 435 2904 Et
446 2860 592 2905 vacuum
603 2835 750 2932 Zephyri
762 2835 911 2930 possidet
922 2861 1005 2905 nura
1015 2861 1148 2905 nemus.

348 2949 411 3016 Hic
422 2944 501 3016 licet
512 2947 662 3018 occultos
673 2949 826 3043 proferre
837 2951 976 3043 impune
988 2947 1138 3031 dolores,

393 3063 425 3130 st
438 3061 539 3130 modo
551 3061 623 3130 sola
634 3079 760 3157 queant
771 3085 853 3132 saxo
863 3079 978 3132 tenere
990 3060 1103 3130 fidem.

351 3171 450 3241 Unde
462 3189 539 3241 tuos
551 3177 700 3266 primum
711 3189 966 3268 repetam,mee
977 3172 1138 3265 Cynthia,
1152 3170 1282 3240 fastus?
1319 3183 1339 3238 ⁵

392 3282 491 3371 Quod
503 3281 586 3351 mihi
596 3281 657 3351 das
668 3281 788 3365 flendi,
799 3281 959 3376 Cynthia,
972 3284 1196 3375 principium?

347 3397 412 3480 Qui
423 3393 524 3462 modo
536 3393 649 3462 felices
660 3397 748 3462 inter
758 3393 962 3462 numerabar
973 3410 1139 3474 amantes,

393 3511 492 3573 Nunc
502 3507 536 3574 in
548 3529 664 3574 amore
678 3523 737 3574 tuo
749 3529 851 3599 cogor
863 3505 990 3574 habere
1002 3521 1128 3573 notam.

340 3745 361 3779 ι.
377 3729 413 3778 Et
425 3728 557 3782 taciturna
572 3731 692 3801 querenti
698 3751 707 3791 ,·
725 3727 803 3783 silen-
847 3726 908 3779 culs
922 3727 957 3780 Et
973 3729 999 3778 in
1016 3726 1117 3777 minore
1128 3739 1207 3775 versu
1220 3719 1281 3773 vide
1294 3735 1357 3775 not.

300 3811 351 3872 tis,
369 3820 457 3870 muts,
474 3805 538 3859 dnm
558 3821 666 3880 questus
681 3807 802 3860 fuodun-
847 3807 883 3862 ed
894 3807 1050 3873 111,3‚31.
1315 3857 1320 3868 ,

300 3901 351 3939 tur.
365 3885 436 3938 Loca
457 3889 573 3959 gementi
592 3901 680 3956 certe,
702 3887 803 3956 fidelis,
883 3883 1356 3957 d.801nsnxnprodesertis,utsoepe.

300 3969 457 4036 interpretes
477 3966 570 4019 volunt
588 3985 659 4030 esse;
676 3966 723 4020 sed
741 3986 802 4020 eum
884 3967 908 4021 5.
923 3966 1118 4037 Undeprimum
1129 3973 1258 4035 mpetum,
1270 3961 1358 4016 dedn-

301 4062 407 4098 sensum
425 4048 577 4116 Propertius
595 4065 649 4099 non
671 4048 722 4100 nisi
740 4059 802 4118 post
847 4064 921 4112 cum,
933 4041 1055 4099 revocem
1067 4055 1216 4096 contemtus
1227 4044 1307 4095 tuos?

252 4121 253 4124 '
300 4125 414 4196 primum
428 4123 560 4176 distichon
570 4127 659 4196 ponit.
674 4127 713 4176 De
723 4127 802 4196 psrti·
882 4127 907 4180 8.
925 4128 959 4178 In
977 4143 1066 4177 amore
1081 4133 1125 4175 tuo
1143 4120 1236 4174 hahens
1252 4134 1354 4176 notmn.
