2810 4978
324 423 390 505 304
617 423 883 488 PROPERTll
907 423 996 488 LIB.
1022 425 1070 488 ll.

369 553 483 636 Quum
493 545 584 616 videt
594 549 742 617 accensis
756 545 913 616 devotam
924 571 1059 618 currere
1071 550 1167 619 taedis

416 666 457 728 In
468 683 602 742 nemus,
614 675 648 726 et
658 661 781 732 Triviae
793 658 922 727 lumina
933 660 1021 728 ferre
1033 661 1117 730 deae.

370 769 500 840 Scilicet
511 769 679 838 umbrosis
692 767 806 837 sordet
819 773 978 862 Pompeia
990 769 1156 840 columnis

415 883 583 964 Porticus,
598 879 712 948 aulaeis
723 880 845 948 nobilis
857 879 1022 950 Attalicis!

369 994 413 1056 Et
424 990 542 1059 creber
552 989 697 1082 platanis
708 993 833 1083 puriter
845 991 1060 1082 surgentibus
1072 991 1171 1076 ordo,

417 1100 573 1168 Flumine
584 1103 693 1192 sopito
705 1123 849 1195 quaeque
863 1106 1002 1170 Marone
1014 1100 1156 1184 cadunt,

371 1213 426 1290 Et,
439 1209 555 1277 leviter
566 1208 715 1303 lymphis
726 1226 797 1278 tota
808 1211 1048 1303 crepitantibus
1060 1211 1161 1295 urbe,
1324 1223 1349 1277 ιε

418 1323 530 1410 Quum
542 1319 653 1387 subito
664 1323 784 1388 Triton
796 1347 854 1390 ore
865 1321 1019 1394 recondit
1029 1328 1169 1418 equum!

324 1498 417 1550 Trivite
431 1497 486 1550 deae
505 1513 568 1552 rota
583 1501 671 1553 ferens
690 1499 829 1554 bominum
873 1501 977 1575 Alpheo
997 1521 1052 1555 uon
1070 1501 1198 1556 dissitum.
1216 1505 1254 1555 De
1271 1499 1352 1553 talibus

324 1582 393 1633 inte
413 1584 544 1634 convertis
561 1582 662 1636 oculos.
680 1611 715 1622 -
735 1583 829 1637 Triuice
873 1577 1011 1636 ferendum
1028 1583 1172 1655 linquimus
1186 1582 1303 1654 judicium
1315 1583 1352 1646 iis,

325 1678 426 1712 nemin.
436 1660 548 1712 Dionem
560 1659 770 1713 Aricinam-dicit
779 1661 829 1732 (ab
875 1681 941 1735 qnos
954 1681 1007 1714 uon
1019 1665 1092 1734 piget
1103 1664 1131 1713 in
1143 1663 1253 1714 minimis
1265 1673 1353 1730 tempus

325 1739 426 1806 Aricia,
439 1739 488 1792 sub
502 1739 606 1792 Albano
621 1740 739 1812 monte),
754 1743 829 1812 cujus
874 1755 900 1795 et
912 1761 1022 1814 opernm
1033 1761 1198 1795 consumere.

327 1817 361 1871 sd
380 1837 452 1872 erem
469 1820 537 1872 ferre
554 1819 674 1872 ardentes
693 1821 782 1887 foces,
799 1833 830 1872 ut
913 1823 953 1875 15.
977 1825 1029 1888 Et,
1054 1823 1146 1874 leuiter
1171 1821 1295 1894 lymphis,
1312 1831 1354 1871 etc.

326 1895 355 1946 in
371 1899 452 1949 sacris
475 1896 578 1949 Cereris
600 1915 631 1949 sc
650 1899 830 1970 Proserpinoe,
873 1903 984 1954 Fontem
999 1901 1078 1954 elium
1093 1901 1222 1974 intellige,
1235 1911 1355 1973 quemsta·

326 1993 384 2028 mos
409 1976 469 2027 fuit.
490 1975 556 2028 Vide
576 1976 673 2048 Gierig.
698 1976 731 2030 sd
752 1977 828 2031 Ovid.
874 1994 920 2032 tun
929 1983 1045 2034 Tritonis
1055 1983 1126 2033 facit.
1143 1983 1355 2035 Structuresutem

326 2055 395 2105 Fast.
408 2057 459 2122 111,
475 2053 526 2107 263
539 2073 597 2126 sqq.
609 2054 651 2105 Ad
660 2058 748 2126 ipsum
758 2055 830 2109 bunc
873 2057 926 2110 loci
937 2057 993 2112 haec
1007 2081 1013 2111 ε
1032 2061 1085 2112 «Et
1097 2059 1187 2112 sordet
1201 2061 1262 2127 tibi,
1275 2075 1355 2130 quum,

326 2132 453 2204 Propertii
464 2133 553 2185 locum
567 2135 624 2204 lege
634 2149 760 2205 preterea
773 2155 830 2208 quse
874 2149 929 2188 tota
945 2138 1009 2189 urbe
1018 2138 1131 2210 lymphis
1143 2138 1234 2191 leviter
1244 2139 1357 2208 crepiten-

326 2215 428 2264 notevit
438 2211 633 2266 Lachmannus.
875 2215 960 2283 tibus,
976 2217 1064 2270 subito
1080 2219 1174 2270 Triton
1193 2237 1239 2270 ore
1257 2213 1357 2269 recondit

365 2307 407 2344 rr.
418 2291 538 2357 Scilicet,
552 2303 602 2343 etc.
615 2292 706 2365 Cer-pit
717 2291 766 2345 snb
777 2293 830 2346 irc·
875 2298 985 2366 equam!
996 2319 1007 2342 r»
1021 2295 1127 2349 Scilicet
1136 2297 1268 2366 pertubos
1276 2293 1358 2348 subter·

327 2371 376 2421 nin
390 2369 476 2421 forme
492 2369 638 2442 Cynthium.
657 2370 774 2437 Scilicet,
790 2373 830 2424 in·
875 2391 969 2424 raneos
988 2372 1073 2426 fluens
1093 2373 1165 2426 unda
1182 2375 1273 2428 leviter
1286 2372 1358 2443 crepi-

328 2449 394 2519 quit,
403 2447 551 2518 spernenda
561 2447 609 2498 tibi
619 2447 743 2518 Pompeis
751 2452 831 2518 porti·
875 2463 930 2520 tat,
948 2471 1027 2524 quem
1045 2454 1138 2505 Triton
1154 2455 1226 2506 intus
1242 2455 1326 2524 excipit
1338 2461 1360 2502 et

328 2544 375 2577 cus
386 2544 447 2577 cum
457 2525 596 2578 arboribus
606 2528 659 2578 suis
672 2545 703 2578 sc
713 2526 830 2579 lontibus
875 2530 989 2582 effundit
1007 2549 1052 2582 ore
1065 2549 1123 2583 suo.
1142 2533 1296 2597 Rccondcrc,
1308 2547 1360 2600 pro·

326 2603 445 2656 ridetur!
457 2603 538 2674 (Vide
551 2603 632 2656 edvs.
650 2605 706 2676 13.)
717 2633 752 2643 -
766 2605 831 2657 Um·
875 2609 960 2672 m'ere,
977 2611 1110 2672 emittere,
1130 2627 1183 2680 qno
1202 2610 1277 2680 plane
1294 2605 1359 2658 modo

329 2683 406 2736 brosis
419 2682 561 2748 columnis,
575 2681 609 2736 de
623 2683 719 2754 quibus
734 2685 831 2756 quippe
877 2684 1003 2738 recludere
1025 2699 1051 2738 et
1073 2698 1184 2762 reteqere
1203 2701 1229 2741 et
1251 2689 1361 2758 recinqere

327 2761 482 2834 pendebant
494 2761 583 2814 oulen.
596 2791 631 2800 =-
645 2761 739 2814 Aulon
754 2763 832 2815 Atta·
876 2764 990 2832 dicitur,
1013 2767 1041 2817 in
1061 2765 1156 2837 quibus
1179 2766 1268 2819 addite
1290 2764 1360 2816 verbis

329 2841 398 2904 licu,·
416 2851 501 2906 texte,
516 2840 650 2912 stragula,
671 2841 763 2913 quibus
783 2861 833 2894 no·
877 2835 1189 2915 tilleberene'gstionem
1200 2843 1360 2917 exprimit.Sie

327 2939 388 2973 men
400 2920 434 2972 ab
446 2919 526 2972 Attali
542 2920 605 2973 auia
623 2920 744 2975 inditum.
764 2921 831 2974 Vide
877 2935 904 2974 et
918 2922 1102 2995 religarejuqc
1113 2942 1163 2994 pro
1178 2925 1277 2976 solvere
1287 2919 1361 2976 carut-

328 3013 385 3052 not.
402 2997 437 3050 nd
449 3001 487 3065 ll,
504 3000 550 3066 13,
567 3017 609 3051 22.
784 3059 786 3064 ¹
876 2999 919 3051 lus
938 3003 1026 3070 posuit
1044 3003 1131 3053 Germ.
1152 3005 1249 3068 LXlll,
1270 3003 1317 3068 84,
1335 3017 1361 3051 ne

368 3081 408 3132 13.
424 3079 460 3130 Et
477 3079 563 3130 creber
575 3077 705 3149 platanis,
722 3087 772 3128 etc.
790 3077 833 3129 td
877 3083 1012 3152 Doeringii
1040 3080 1159 3135 alterurn*
1179 3086 1361 3158 explicationem

329 3158 401 3212 illam
419 3160 552 3230 porticum
571 3161 686 3211 consitos
705 3160 833 3213 exstitisse
877 3175 976 3213 rectum
997 3179 1054 3214 esee
1073 3165 1181 3234 cogites.
1206 3167 1326 3218 Ceterum
1340 3163 1362 3211 in

330 3238 446 3304 arbores,
454 3237 533 3290 docet
540 3241 618 3290 etism
625 3238 740 3289 Martiel.
749 3241 832 3310 epigr.
879 3239 992 3292 disticho
1004 3241 1056 3294 boc
1065 3257 1171 3310 nostro,
1183 3263 1222 3297 rs.
1236 3246 1280 3311 15,
1294 3243 1362 3314 Nym·

327 3319 370 3384 ll,
391 3319 440 3385 14,
460 3311 500 3370 ro.¹
518 3317 621 3370 Pariter
633 3330 761 3390 surgentes
773 3319 834 3391 plu·
876 3320 937 3392 plis
949 3324 1132 3393 crepitantibus
1145 3325 1210 3376 editi
1220 3323 1279 3376 libri
1289 3339 1362 3376 onnes

332 3398 389 3448 tani
408 3411 487 3465 sunt,
512 3415 577 3468 quas
601 3415 661 3448 cnm
689 3411 744 3449 arte
769 3399 832 3450 fecit
877 3419 927 3470 pro
940 3399 1054 3472 lymphis
1063 3417 1219 3472 agnoscunt.
1228 3407 1284 3457 lloc
1293 3407 1363 3456 Bion-

330 3475 470 3528 frondator
487 3495 564 3548 peres
580 3476 726 3530 altitudine.
743 3507 779 3518 -
798 3479 833 3531 Et
878 3475 988 3530 ltltusius
1002 3479 1035 3530 de
1049 3485 1142 3534 statuis
1156 3483 1190 3535 ab
1203 3487 1364 3558 Agrippspo-

331 3556 509 3632 quoeflumina
518 3554 704 3626 caduntscpito
713 3556 833 3608 Marone.
878 3558 932 3608 sitis
942 3557 1119 3630 intelligebat,
1133 3563 1207 3634 quod
1218 3583 1274 3616 esse
1285 3561 1364 3614 lslsuu

331 3635 371 3686 De
387 3636 475 3707 sopito
492 3636 602 3686 Marone
618 3632 671 3686 boc
688 3632 753 3686 nihil
771 3651 834 3686 con·
877 3635 989 3688 vidimus
1005 3659 1010 3688 ι
1028 3637 1131 3692 sedvel
1147 3642 1198 3708 its,
1218 3642 1270 3696 boc
1285 3639 1365 3708 cst,si

332 3725 400 3777 stut3
416 3715 649 3786 quemqunmsutis
662 3713 834 3785 cleresuper-
878 3715 966 3768 fontes
988 3719 1060 3788 ipsos
1085 3719 1239 3791 Propertius
1262 3723 1365 3783 diceret,

331 3797 449 3865 positum
471 3794 539 3845 fonti
560 3791 603 3846 vel
630 3811 703 3865 eque
725 3792 833 3845 castello
879 3797 937 3866 quis
964 3797 1085 3866 putidum
1114 3799 1224 3852 verbum
1258 3801 1366 3874 crepitare

333 3873 438 3944 siguum
454 3871 631 3943 intelligimus.
648 3874 786 3924 Maronem
798 3871 834 3923 ul·
879 3891 940 3925 cum
947 3873 1079 3946 Nymphis
1086 3879 1203 3946 positum
1212 3879 1294 3932 feret?
1303 3880 1366 3949 Lyn

333 3965 419 4004 terum
429 3954 568 4004 vinitorem
584 3953 723 4006 Turnebus
735 3971 835 4005 memo·
876 3949 937 4022 pltir
954 3951 1027 4004 dedit
1039 3953 1240 4025 buchmnuuns,
1256 3977 1310 4030 que
1324 3954 1366 4006 Co·

314 4065 316 4068 ψ
334 4041 375 4082 rat
387 4030 498 4083 Osiridis
507 4033 629 4084 comitem
640 4053 647 4094 ;
658 4029 835 4099 alterum,Pe·
879 4031 944 4085 dicis
964 4033 1129 4106 Groningani
1157 4051 1228 4090 rectu
1252 4039 1366 4110 scripture

334 4105 475 4180 lopounesi
497 4107 622 4176 fluvium,
644 4107 775 4180 Scaliger,
799 4109 833 4162 eb
878 4123 925 4164 est.
1339 4103 1351 4134 '¹
