2940 4974
419 467 919 536 runruuosurousrs.
1172 497 1188 559 7

153 594 193 654 uti
208 592 338 676 agnovit
349 609 476 672 quoque
497 587 603 650 doctus
619 588 738 671 duplus
752 589 877 652 Crusius
891 592 924 650 in
941 591 989 652 tlte
1002 593 1084 654 lives
1098 594 1136 676 of
1146 589 1194 652 tlte
1229 582 1230 585 ¹

153 692 261 750 Rom
281 685 379 770 poeta,
398 686 461 746 rol.
481 686 510 761 l,
533 708 564 768 p.
592 683 665 762 rod,
686 687 890 769 interpretatt.
913 687 1061 749 German.
1081 685 1193 750 Christ.

151 787 241 847 lienr.
252 783 423 858 Schmidii,
438 784 492 864 qui
504 783 668 847 nobiscum
682 783 772 859 facit,
786 798 817 844 et
829 784 974 846 eumdem
988 786 1022 846 A.
1035 787 1072 846 U.
1088 787 1121 848 G.
1134 807 1192 866 7⁰²

150 883 306 966 Propertio
318 881 462 961 adsignat
475 878 628 956 natalem,
640 880 709 940 licet
723 881 815 941 aliam
832 901 925 942 aeram
934 885 1020 963 sequi
1035 881 1193 960 videatur,

150 982 239 1042 unico
252 1000 338 1042 anno
355 991 507 1054 anostra,
521 999 590 1058 qua
604 979 802 1040 varroniana
813 993 875 1054 est,
889 979 1092 1042 differentem.

185 1080 231 1140 De
240 1079 343 1162 patria
356 1078 510 1160 Propertii
527 1097 610 1138 nova
626 1077 821 1138 subnascitur
841 1076 1023 1156 difficultas,
1037 1078 1114 1141 dum
1128 1101 1194 1142 nou

148 1179 280 1259 septem,
294 1175 348 1236 sed
360 1175 408 1236 vel
418 1195 530 1236 novem
544 1175 653 1250 urbes,
668 1177 740 1236 utie
753 1175 905 1238 Do'nnolae
919 1175 1028 1238 libello
1042 1177 1077 1238 de
1087 1179 1193 1238 Patria

147 1277 288 1357 Propertii
309 1286 452 1348 constat,
475 1273 523 1333 der
536 1271 597 1334 boe
616 1274 698 1334 inter
719 1295 750 1335 se
770 1288 888 1336 certam
904 1274 1034 1337 bonore.
1050 1277 1193 1338 Attamen

148 1371 247 1454 plures
260 1369 375 1434 harum
388 1371 514 1434 urbium
527 1383 600 1432 suut
615 1371 664 1432 vel
675 1374 854 1436 recentioris
866 1375 1011 1460 originis,
1027 1373 1071 1435 ita
1089 1386 1125 1434 ut
1138 1373 1193 1436 diu

147 1486 213 1552 post
224 1471 423 1554 Propertium
435 1472 538 1553 ipsum
550 1483 632 1532 natae
648 1472 728 1548 sint3
748 1471 797 1532 rel
811 1473 854 1532 ita
873 1473 935 1534 situ
948 1493 1005 1534 suo
1019 1471 1193 1556 disposite,

147 1579 181 1626 nt
198 1566 419 1649 descriptioni,
434 1586 530 1648 quam
543 1577 635 1648 poeta
652 1564 760 1627 desua
777 1565 985 1649 subpeditavit
999 1569 1116 1651 patria,
1134 1571 1194 1628 mi-

148 1669 229 1728 nime
241 1665 468 1748 respondeant,
477 1663 633 1746 adeoque,
648 1665 786 1726 veritatis
799 1667 829 1726 vi
841 1666 984 1749 repulsae,
997 1666 1035 1728 de
1043 1669 1195 1750 petitione

148 1785 199 1824 sua
223 1763 423 1847 Propertium
439 1761 499 1824 sibi
514 1761 694 1824 vindicandi
713 1761 858 1824 decedere
874 1777 1037 1846 coganttu.
1052 1765 1196 1842 Quatuor

148 1861 238 1942 igitur
255 1859 402 1943 inprimis
420 1857 512 1920 urbes
533 1871 664 1934 restant,
681 1878 750 1939 quae
769 1857 905 1920 celebres
922 1859 994 1920 satis
1012 1881 1048 1920 ac
1065 1859 1193 1921 disertos

147 1977 240 2020 causae
253 1977 317 2018 suoe
333 1967 485 2038 patronos
500 1966 598 2016 nactae
613 1967 702 2031 sunt,
724 1975 920 2037 quarumque
931 1953 1003 2038 jura
1013 1953 1079 2037 jam
1098 1956 1191 2018 adcu-

149 2055 238 2116 ratius
251 2035 292 2114 ad
303 2073 432 2114 examen
443 2050 584 2112 vocanda
595 2065 684 2128 sunt,
701 2065 737 2112 ut
745 2051 905 2132 adpareat,
918 2051 1088 2113 secundum
1097 2074 1191 2135 quam

150 2151 268 2212 illarum
283 2149 435 2210 vindicias
450 2147 524 2208 dare
540 2147 695 2229 integrum
707 2145 846 2228 judicem
860 2147 973 2208 deceat.

183 2247 294 2310 Tribus
305 2248 340 2308 in
350 2245 427 2308 locis
438 2246 615 2328 Propertius
627 2245 665 2305 de
678 2245 779 2328 patria
794 2265 850 2304 sua
866 2245 939 2326 egit.
950 2245 976 2304 Ε
989 2247 1093 2328 primo
1105 2245 1189 2308 loeo,

149 2366 254 2429 nempe
267 2344 322 2406 lib.
336 2345 368 2420 l,
385 2343 462 2424 eleg.
482 2363 538 2418 aa,
552 2339 694 2426 adparet,
709 2341 872 2404 Umbriam
888 2341 952 2423 ejus
968 2363 1030 2404 esse
1046 2345 1188 2426 patriam.

149 2443 192 2503 Sic
203 2443 285 2504 enim
299 2441 343 2503 ait
356 2440 397 2502 atl
406 2439 549 2500 Tullum:

326 2584 350 2630 Sl
358 2581 467 2629 Perusina
480 2581 523 2628 tibi
532 2583 612 2643 patria
621 2591 676 2626 cont
685 2591 739 2627 note
747 2581 867 2646 sepulcra,

357 2651 428 2700 tutin
439 2663 463 2700 et
475 2651 539 2698 duris
550 2651 633 2698 funera
645 2650 804 2714 temporibus,

354 2809 395 2911 lte
403 2809 496 2926 publi,
506 2861 572 2909 terris
582 2807 793 2908 mauroleno..

147 2997 248 3058 Obiter
261 3009 384 3057 tantum
408 2995 556 3071 observo,
573 2995 725 3055 Pentsiam
746 2995 861 3076 ipsam,
884 3017 952 3078 quae
971 2996 1062 3058 Ciatti
1080 2997 1187 3078 opinio

145 3107 199 3172 est,
217 3113 284 3154 non
298 3113 389 3174 posse
402 3093 538 3176 patriam
552 3101 651 3174 poetae
665 3089 789 3167 baberi,
807 3111 907 3174 oeque
922 3091 998 3152 adeo
1012 3093 1045 3151 in
1062 3112 1185 3152 censum

145 3203 274 3274 quatuor
283 3187 409 3250 illarum
429 3187 555 3249 urbium
574 3187 693 3264 venire,
710 3209 780 3270 quse
799 3187 837 3248 de
855 3187 956 3270 patria
973 3199 1071 3269 poetas
1091 3189 1186 3247 nostri

144 3285 345 3350 contendendi
358 3284 496 3368 aliquam
505 3283 585 3368 juris
596 3285 728 3368 speciem
742 3283 886 3346 babeant.
901 3285 979 3346 Nam
990 3281 1109 3344 Perusia
1122 3303 1187 3345 non

145 3385 174 3444 iu
185 3383 334 3460 Umbria,
349 3381 400 3444 sed
418 3383 452 3443 iu
467 3382 592 3442 Etruria
607 3383 664 3442 sita
678 3395 731 3443 est.
1186 3447 1188 3452 ,

178 3481 223 3542 tu
236 3479 335 3542 altero
349 3477 439 3555 loco,
452 3479 506 3556 lv,
524 3501 556 3555 1,
571 3479 610 3540 65
625 3501 670 3564 aq.
684 3477 826 3562 adparet,
837 3481 987 3562 Propertii
1001 3481 1134 3562 patriam
1152 3482 1185 3539 in

146 3564 218 3640 valle
230 3578 369 3640 Umbriae
381 3579 424 3637 ita
436 3577 528 3638 sitam
540 3576 651 3652 fuisse,
663 3589 698 3638 ut
712 3599 794 3638 arces
806 3577 870 3660 ejus
882 3577 1062 3639 scanderent
1074 3577 1111 3638 de
1122 3577 1185 3638 val·

145 3673 227 3738 libus.
245 3679 291 3738 lta
308 3675 392 3737 enim
406 3675 490 3736 canit
502 3675 663 3736 Romanus
678 3674 900 3738 Callimachus:

321 3825 867 3889 &moquuoemettavatttusmes,

356 3899 453 3960 ingenio
461 3913 542 3946 muros
550 3899 649 3946 mdmet
656 3897 696 3944 ille
707 3913 769 3945 meo.

180 4031 309 4092 Etertio
328 4029 464 4114 denique
482 4033 618 4116 ejusdem
636 4033 742 4117 elegia
760 4033 847 4110 loco,
869 4053 911 4095 vs.
944 4030 1114 4108 rar—126,
1133 4051 1185 4092 eo·
1277 4115 1281 4124 ,
