2870 4968
15 659 17 780 Ι

15 1069 18 1220 l

379 454 644 519 Puorunru
670 457 757 520 nro.
787 460 810 520 r.
1082 464 1123 549 93

155 577 224 646 Olim
235 597 339 672 gratus
354 605 449 648 eram
466 609 473 648 :
490 605 559 649 uon
571 581 630 649 illo
644 599 797 676 ternpore
809 586 965 678 cuiquam

185 692 325 781 Contigit,
339 705 381 758 ut
391 689 491 758 simili
504 707 619 783 posset
630 716 744 758 amare
755 690 833 760 fide.

149 797 265 867 luridiae
275 800 401 868 fuimus
416 829 423 867 :
437 825 520 868 num
531 825 586 868 me
598 800 681 869 deus
694 801 823 884 obruit,
836 827 879 870 an
893 827 969 898 qum

180 912 269 976 Lecta
280 911 486 979 Prometheis
499 909 619 978 dividit
630 909 734 980 herba
743 909 857 1004 jugis?
1097 945 1128 979 ιο

144 1022 204 1086 Non
215 1045 286 1089 sum
298 1047 380 1115 ego,
394 1026 453 1119 qui
466 1024 597 1092 fixeram
613 1051 620 1090 :
634 1041 744 1091 mutat
754 1025 807 1092 via
821 1023 921 1116 longa
933 1025 1072 1118 puellas.

176 1136 320 1218 Quantus
334 1139 370 1202 in
381 1141 504 1228 exiguo
515 1154 669 1228 tempore
681 1137 769 1228 fugit
778 1143 889 1204 amor!

138 1243 222 1310 Nunc
232 1246 380 1334 primum
392 1240 509 1336 longas
525 1245 617 1312 solus
631 1269 833 1338 cognoscere
845 1262 960 1314 noctes

173 1357 294 1446 Cogor,
308 1359 425 1448 etipse
437 1359 520 1424 meis
533 1357 672 1425 auribus
686 1381 760 1424 esse
770 1361 891 1449 gravis.

134 1463 229 1550 Felix,
242 1472 300 1562 qui
311 1473 422 1561 potuit
433 1473 592 1563 praeseuti
606 1469 686 1538 llere
698 1469 822 1561 puellae
837 1498 844 1537 :
1100 1484 1130 1537 15

171 1581 241 1645 Nou
253 1579 339 1646 nihil
351 1579 519 1673 adspersis
531 1579 657 1674 gaudet
669 1587 772 1648 Amor
785 1581 963 1673 lacrymis3

131 1691 188 1752 lut
198 1689 225 1754 sl
237 1687 416 1782 despectus
429 1694 538 1782 potuit
550 1707 682 1758 mutare
696 1689 823 1758 calores
839 1717 845 1755 :

15 1883 16 1886 ,
98 1833 336 1908 nal-Sidequodam
345 1839 576 1893 absentemultum
622 1839 735 1904 dixerit,
765 1837 870 1890 dulcem
900 1839 1049 1908 significans
1071 1857 1127 1892 esse

15 1907 17 1962 J
95 1913 148 1964 ittter
165 1933 211 1966 nos
229 1919 329 1988 agitur,
349 1921 444 1972 tinnire
465 1919 576 1974 dicimus
623 1918 674 1970 sibi
684 1915 839 1990 cynthiam,
855 1935 936 1988 quum
948 1916 998 1969 sibi
1010 1933 1086 1968 sonat
1101 1919 1128 1968 in

94 1987 123 2040 di
134 1991 222 2046 debere
235 2013 313 2048 aures
327 2015 387 2050 snas
402 2019 409 2050 e
424 1997 517 2051 eadem
531 2019 577 2072 ve-
621 1995 741 2048 auribus.

92 2071 174 2126 teribus
189 2078 279 2146 opinio
297 2079 363 2142 fuit,
382 2098 461 2150 quam
472 2081 577 2152 judicat
656 2091 681 2144 9.
694 2077 776 2128 Num.
791 2077 831 2128 lta
841 2075 960 2128 Codices.
975 2074 1122 2126 noukhus.

93 2151 212 2206 humanm
227 2155 270 2206 hic
284 2155 443 2226 significari,
457 2173 487 2210 ut
498 2177 575 2212 aures
620 2153 742 2206 etBarth.
753 2172 783 2206 ex
793 2153 979 2206 emendatione
986 2153 1082 2225 Guyeti
1090 2174 1127 2206 an

92 2235 355 2306 queratur-Propertius
363 2235 396 2289 de
404 2237 516 2309 Cynthia
525 2237 575 2290 sibi
620 2253 662 2286 me
669 2235 743 2302 deus,
752 2246 802 2286 etc.
814 2237 875 2286 Post
885 2235 973 2286 obruit
982 2233 1036 2284 noli
1044 2253 1126 2304 pone·

92 2311 170 2364 reem
194 2313 259 2366 nihil
291 2313 364 2366 boni.
394 2316 486 2368 Malim
514 2335 575 2368 cum
619 2313 1125 2384 resignuminterrogandhconstruitur

91 2389 236 2444 llrouhhusio
246 2393 363 2464 puellam
374 2398 509 2467 accipere,
519 2395 575 2449 dul·
619 2393 689 2444 enim
703 2391 755 2443 hoc
772 2391 853 2444 modo
870 2394 1015 2444 sententia:
1032 2396 1126 2446 «Deus

89 2473 284 2540 cugxrrientem
297 2492 382 2544 nugas
394 2477 421 2525 in
434 2493 498 2527 aure
509 2495 574 2548 poe·
618 2492 660 2524 rue
682 2471 784 2539 obruit,
805 2491 839 2524 an
858 2471 951 2524 dividit
972 2471 1054 2523 herba
1076 2491 1125 2523 nos

90 2553 172 2602 tenu:
183 2553 244 2603 Non
256 2552 422 2624 amplexibus
431 2557 488 2626 jam
500 2556 574 2608 lruor
618 2549 687 2604 lecta
704 2549 736 2603 de
753 2553 908 2604 Caucasoi·
921 2551 1083 2617 Num.‚..an,
1095 2565 1124 2603 nt

89 2627 199 2699 (ἶῐηὼἰκς
213 2651 267 2683 non
284 2645 377 2698 sonat,
391 2647 421 2685 ut
436 2635 524 2706 prius,
540 2635 573 2687 ad
618 2652 654 2684 an
665 2631 830 2703 precedente
844 2651 876 2683 ne
887 2631 1029 2684 habuimus
1046 2631 1079 2683 el.
1093 2633 1124 2698 8,

89 2725 287 2763 commeasvox
300 2711 510 2783 ejusblandiens.
522 2715 573 2768 Sed
620 2711 757 2780 m-Qnoe
775 2727 823 2780 pro
848 2708 936 2780 aliqua
956 2710 1124 2779 positum.—

88 2789 130 2840 tire
142 2788 206 2842 hanc
221 2802 268 2844 aut
284 2791 355 2844 illam
370 2793 573 2864 explicationem
617 2791 732 2842 Ilerdam
746 2789 877 2859 intellige,
893 2792 918 2842 vi
936 2791 1037 2860 magica
1054 2809 1122 2862 prae·

88 2870 202 2938 levaris,
228 2871 346 2922 orationi
370 2873 464 2924 vitium
487 2873 573 2926 inesse
618 2870 716 2938 ditem,
737 2889 817 2941 quarn
836 2867 986 2922 Promethei
1003 2875 1123 2942 genuerit

87 2945 252 3000 lachmanuus
261 2947 412 3000 contendit.
425 2952 507 3003 Sonat
518 2951 573 3002 dul·
617 2967 710 3015 cruor,
732 2967 813 3021 quum
834 2945 955 3000 tunderet
977 2947 1014 2999 illi
1034 2948 1122 3002 vultur

87 3043 120 3090 ce,
135 3029 181 3093 ait,
199 3026 286 3099 uquid
298 3031 332 3080 sit
346 3027 466 3102 intelligo
482 3053 488 3080 :
504 3051 573 3096 non,
617 3047 681 3082 suus
695 3029 806 3080 viscera.

88 3106 137 3175 quid
158 3107 239 3160 dulcis
263 3122 348 3162 sonat.
374 3113 428 3164 Aut
456 3113 573 3183 Cynthioe
655 3107 695 3159 13.
711 3107 874 3180 Coqnoscere.
887 3102 954 3154 Vide
968 3115 1025 3154 not.
1040 3102 1074 3155 ad
1086 3103 1118 3156 el.

88 3183 204 3253 epitheton
214 3185 300 3239 dulcis
309 3199 364 3240 est:
375 3187 403 3239 id
412 3207 474 3240 vero
486 3187 571 3243 alieno
616 3185 648 3251 6,
661 3187 704 3252 24.
716 3214 752 3225 -
763 3187 805 3236 ΕΓ
814 3185 867 3254 ipse
880 3183 943 3235 meis
954 3181 1058 3235 auribus
1069 3201 1119 3237 esse

16 3243 18 3316 i
86 3257 134 3314 loco
144 3267 263 3336 ponitur,
279 3287 361 3338 quum
370 3271 426 3338 jam
435 3289 573 3340 pracesse.
615 3263 724 3337 pravis?
740 3261 803 3314 dum
823 3279 921 3334 gerno,
942 3259 1006 3311 dum
1025 3281 1121 3332 queror

87 3342 112 3394 n't
124 3344 167 3398 itta
179 3367 187 3396 .·
200 3371 211 3394 .
232 3359 258 3398 et
276 3346 401 3399 emendat
419 3351 459 3400 vir
477 3349 571 3404 doctus
616 3346 708 3410 miser,
721 3362 815 3396 somno
828 3361 928 3394 carens·
939 3341 1051 3394 Locutio
1063 3361 1118 3408 nou

86 3418 170 3504 lotum,
181 3427 258 3479 «Nec
267 3425 363 3478 mihi...
373 3429 457 3479 nutrit
469 3447 571 3482 umores
616 3421 692 3475 valde
707 3423 793 3476 suavis
806 3435 853 3474 est·

87 3501 192 3570 Cynthia;
205 3523 256 3556 nec
268 3517 358 3557 nostra
370 3504 454 3558 dulcis
466 3507 493 3558 in
507 3525 571 3559 aure
654 3508 693 3562 15.
714 3508 788 3560 Flere
805 3525 864 3559 cnm
885 3507 964 3558 tertio
985 3523 1048 3556 casu
1059 3507 1120 3574 juu-

17 3603 19 3622 ν
87 3595 170 3632 mm·
181 3583 321 3653 volgatam
333 3585 473 3636 lectionem
484 3585 571 3639 fateor
616 3599 701 3654 ctum,
713 3600 743 3638 ut
755 3588 782 3636 in
794 3584 930 3638 iisTibnlli
940 3583 1120 3651 conferendis,

86 3674 149 3725 posse
168 3663 347 3730 grammaticis
373 3683 426 3715 non
447 3667 508 3717 satis
530 3686 570 3717 re·
614 3669 642 3732 1,
667 3683 713 3733 ro,
736 3665 787 3732 63,
809 3675 922 3736 “quater
944 3661 987 3714 ille
1010 3661 1121 3730 heatus,

86 3747 141 3787 cum
155 3739 253 3792 rideri:
268 3739 316 3792 sed
329 3742 355 3792 in
369 3757 495 3810 auctore,
508 3747 570 3815 qni,
616 3747 665 3798 Cui
681 3759 771 3798 tenera
792 3745 858 3796 irato
881 3741 941 3794 llere
962 3741 1053 3812 puella
1070 3762 1120 3815 po-

86 3813 153 3868 tolitis
169 3817 360 3872 obsistentibus
380 3819 475 3892 liuguae
496 3843 571 3894 regu·
618 3828 701 3876 tent»

17 3913 19 3960 t
85 3889 177 3958 limam
187 3899 570 3967 multaaususeat,ferendum
655 3921 694 3972 17.
712 3901 768 3954 Aut
780 3905 816 3968 si,
832 3915 882 3952 etc.
897 3902 1028 3952 Praecessit
1044 3901 1118 3954 Felix

17 3961 19 4048 l
85 3967 203 4040 h⁰⁰‚non
220 3979 378 4032 mutandum
393 3999 570 4045 cense03nec
615 3978 1119 4054 qui:nepropterhoctentesAutqui

18 4055 20 4094 ἰ
85 4049 146 4105 *διὰ
165 4057 265 4124 miror,
287 4059 309 4108 si
330 4057 432 4109 dulcem
457 4059 570 4113 inaure
613 4079 756 4134 reponere,
770 4059 847 4112 simili
859 4060 944 4110 forma
956 4057 1056 4109 dictum
1069 4059 1119 4112 ha-

85 4146 158 4188 mm
179 4134 229 4189 nbi
253 4135 395 4208 Cynthiam
418 4137 569 4208 Propertius
614 4139 661 4194 bes
674 4141 710 4208 11,
732 4141 778 4208 ad,
796 4139 844 4212 47,
867 4139 962 4190 “Dura
977 4150 1016 4188 est
1032 4155 1116 4208 que...
