2940 4974
384 523 473 590 rra
496 523 653 588 susos
676 525 893 592 usensis.
1120 551 1157 595 αι
1197 611 1199 615 ⁴

124 647 181 708 bos.
190 647 236 708 ef.
247 659 309 709 vet.
319 645 481 710 Scholiast.
492 647 532 709 ad
543 650 652 711 Horat.
667 652 755 733 epist.
768 652 802 728 l,
817 653 852 727 3,
872 673 896 712 1.
906 651 1012 735 Neque
1023 664 1067 715 est
1079 656 1165 737 quod

123 745 181 825 qais
200 757 302 827 putet,
324 747 369 806 ita
382 747 446 806 vim
460 749 544 808 vocis
560 750 674 830 imperii
689 751 799 832 moepri
814 769 881 809 non
901 751 972 810 satis
992 749 1164 813 exhauriri:

122 859 185 900 nam
202 841 305 904 solent
316 844 429 926 optimi
441 844 603 926 scriptores
614 858 646 906 et
658 845 758 906 Graeci
777 857 807 906 et
819 847 924 906 Latini
935 847 978 907 ita
989 847 1089 929 loqui.
1101 849 1166 924 Sic,

121 941 245 1002 manico
258 940 370 1002 saltem
384 943 418 1004 in
433 941 515 1004 hane
528 963 593 1004 rem
610 957 682 1004 utar
693 943 850 1028 exemplo,
867 945 1023 1008 Lucienus
1042 948 1076 1008 in
1088 949 1166 1030 Apo·

121 1036 174 1117 log.
187 1059 243 1119 pro
260 1038 405 1100 mercede
419 1039 604 1117 conductis,
618 1053 693 1102 tom.
713 1042 749 1117 1,
770 1063 841 1124 pag.
857 1063 930 1126 721,
947 1065 1014 1126 cap.
1033 1065 1091 1120 ra,
1108 1067 1166 1127 pu·

120 1135 183 1197 blici
199 1138 325 1221 imperii
340 1159 371 1200 se
393 1139 576 1222 participem
589 1140 724 1217 factum,
739 1161 793 1202 seu
807 1141 930 1224 publice
947 1143 980 1203 in
994 1143 1165 1204 maximam

20 1261 22 1280 ·
119 1235 225 1316 partem
240 1237 366 1319 imperii
390 1227 554 1298 sevenisse
572 1239 702 1319 (δημοσίᾳ
721 1249 767 1307 τῆς
786 1243 1002 1323 μηίστηςᾶρχῆς
1015 1241 1166 1323 κοινωνεῖν)

20 1341 21 1380 3
119 1331 226 1409 snibit,
247 1355 350 1415 quum
376 1347 499 1395 tantum
527 1355 652 1411 eorum,
680 1352 751 1416 quae
776 1337 949 1418 agebantur
966 1338 1001 1396 in
1022 1336 1166 1419 judiciis,

20 1457 21 1480 1
119 1429 348 1492 commentarios
358 1429 535 1492 scribendos
549 1445 685 1507 curaret,
697 1445 728 1492 et
741 1430 861 1492 decreta
876 1428 1053 1516 reponenda
1069 1433 1166 1496 trade·

120 1539 163 1588 ret.
187 1529 347 1590 Memorat
375 1528 473 1611 elegia
493 1529 513 1588 6
539 1529 683 1612 inprimis
708 1526 843 1592 Athenas
866 1543 896 1590 et
920 1531 1033 1591 Asiam.
1057 1531 1165 1608 Quum

20 1633 21 1700 J
119 1643 179 1686 vero
196 1625 424 1710 elegiascripta
435 1625 616 1687 essedebeat
629 1627 710 1688 intra
722 1625 987 1711 annos5,nempe
999 1627 1039 1688 ab
1049 1629 1166 1710 A.7nr,
1281 1654 1284 1662 ¹

119 1723 288 1802 qqunllus
301 1725 400 1806 ipsius
412 1736 542 1806 patruus
557 1721 664 1784 consul
683 1721 759 1801 fuit,
781 1737 931 1807 computo
945 1725 1104 1802 instituto,
1125 1725 1166 1786 ad

20 1843 21 1846 ¹
117 1818 144 1876 b
158 1819 191 1880 U.
202 1818 280 1902 724,
293 1841 363 1902 quo
375 1817 494 1880 librum
508 1819 648 1902 primum
665 1839 722 1880 nos
737 1821 900 1880 statuimus
916 1819 1052 1897 editum,
1068 1822 1167 1882 exori·

116 1927 159 1974 tur
178 1917 330 1998 quaestio,
354 1935 528 1999 quamnam
553 1916 596 1977 ob
623 1937 765 1992 causam,
789 1930 819 1978 et
841 1919 892 1977 cui
914 1917 1103 1978 Octavianus
1126 1917 1166 1980 ad

117 2015 223 2075 ledum
242 2018 349 2077 victor
371 2015 528 2098 singulare
552 2015 719 2099 imperium
741 2017 774 2076 in
796 2017 899 2081 Asiam
923 2016 1057 2094 dederit,
1078 2015 1166 2099 cujus

118 2111 186 2173 inter
200 2117 336 2175 comites
352 2112 462 2174 Tullus
477 2111 602 2196 juvenis
620 2135 683 2175 esse
703 2115 849 2196 potuerit.
864 2116 952 2192 Jam,
972 2135 1165 2198 quamquam

20 2191 21 2206 ἵ
118 2207 251 2272 libentim
269 2211 316 2273 ab
328 2211 396 2271 aliis
411 2211 519 2272 doceri
529 2212 593 2294 ipse
607 2211 716 2287 velim,
734 2223 856 2288 tamen,
875 2232 974 2295 quum
988 2233 1036 2273 res
1049 2209 1166 2272 horum

118 2325 261 2368 annornm
271 2307 535 2390 circumspicienti
544 2327 611 2368 non
622 2307 683 2368 alia
698 2305 760 2368 huc
769 2305 885 2369 faciens
899 2320 1057 2386 occurrat,
1069 2329 1165 2390 quam

119 2405 201 2466 turbe
216 2407 280 2468 illoe
296 2405 505 2488 gladiatorie,
520 2404 559 2465 ad
571 2425 648 2487 quas
660 2405 893 2488 componendas
908 2407 1011 2467 Coesar
1026 2407 1166 2466 Octavia·

120 2519 166 2560 nus
175 2491 341 2564 Messalam
354 2503 390 2564 Δ.
402 2502 439 2560 U.
452 2500 512 2583 7²4
523 2502 699 2577 misit,hon
711 2501 891 2562 dubitamus
902 2523 953 2563 eas
964 2503 1093 2564 eDione
1104 2502 1164 2564 loc.

119 2597 158 2658 eit.
172 2599 311 2662 breviter
324 2620 579 2674 commemorare,
599 2599 624 2660 si
643 2598 724 2662 iorte
742 2598 917 2682 conjectura
937 2613 1045 2662 nostra
1060 2602 1165 2684 peritis

119 2711 143 2755 et
154 2699 245 2780 equis
260 2698 379 2758 harum
391 2717 495 2761 rerum
512 2695 638 2777 arbitris
655 2695 811 2764 adsideat.
825 2698 979 2759 Antonius
995 2699 1164 2776 nimirum,

20 2823 21 2828 ¹
118 2797 240 2861 anonae
266 2819 330 2858 suae
346 2795 385 2858 de
401 2798 521 2858 Cmsare
539 2796 741 2879 deportandae
760 2811 882 2874 certus,
896 2797 936 2858 ad
949 2796 1042 2858 ludos
1056 2798 1166 2858 nium·

118 2893 225 2976 phales,
243 2917 327 2980 quos
341 2917 373 2956 se
398 2893 555 2958 iacturum
566 2895 726 2978 sperabat,
739 2897 842 2977 Cyzici
853 2917 1000 2978 magnam
1014 2895 1166 2977 gladiato·

119 3011 177 3053 rom
195 3015 332 3056 manum
349 2993 486 3068 aluerat,
501 2991 762 3075 exercendamque
775 3006 946 3056 curaverat.
959 2995 1164 3076 Posteaquam

119 3089 200 3170 igtur
211 3092 268 3153 isti
283 3090 427 3152 homines
446 3104 620 3172 cognorant
631 3091 819 3167 Antonium,
841 3091 924 3174 apud
937 3089 1062 3151 Actium
1074 3089 1165 3172 fuga·

119 3199 192 3264 tum,
202 3187 323 3252 deinde
338 3189 372 3248 in
389 3189 560 3271 AEgyptum
569 3187 759 3268 confugisse,
775 3187 993 3249 adferendum
1006 3188 1066 3270 ipsi
1080 3187 1166 3248 auxi·
1248 3222 1255 3237 ·

119 3283 184 3348 lium
197 3290 260 3349 iter
272 3300 487 3370 susceperant,
501 3307 537 3348 ac
549 3287 640 3348 variis
651 3285 750 3348 turbis
765 3308 821 3368 per
833 3289 934 3348 varias
943 3287 1020 3348 asiae
1037 3285 1166 3369 pravior

119 3381 185 3460 cias,
213 3383 376 3446 Galatiam
404 3385 537 3444 maxime
563 3397 594 3447 et
616 3383 779 3460 Ciliciam,
801 3384 958 3460 excitatis,
980 3382 1108 3443 tandem
1131 3383 1166 3442 in

120 3479 227 3561 spiam
245 3493 479 3557 concesserant,
499 3481 555 3544 ubi
577 3483 616 3560 Q.
641 3481 736 3546 Didio
756 3483 852 3565 Syrie
875 3481 1020 3564 praefecto
1045 3503 1080 3542 ea
1101 3501 1165 3543 sese

121 3575 294 3642 dediderant
302 3579 500 3658 conditione,
512 3594 548 3641 ut
559 3602 599 3642 ne
610 3579 796 3664 gladiatores
805 3578 934 3664 posthac
943 3591 1058 3656 essent,
1068 3591 1166 3661 utque

121 3675 265 3759 Daphnen
280 3675 455 3738 Antiochia
468 3677 655 3743 suburbium
674 3679 718 3738 eis
738 3676 947 3738 habitandum
966 3675 1165 3766 concederet,

20 3769 22 3802 ¹
121 3768 208 3836 donec
231 3775 344 3836 Cesset
367 3794 403 3834 ea
426 3795 472 3836 res
493 3773 729 3855 significaretur.
754 3775 796 3834 lli
815 3772 943 3854 quidem
961 3769 1168 3853 gladiatores,

122 3861 197 3932 addit
217 3872 299 3947 Dio,
318 3883 424 3954 postea
444 3893 463 3931 a
480 3871 609 3932 Messala
626 3870 762 3952 decepti,
782 3869 837 3930 alii
851 3869 915 3929 alio
928 3869 1062 3946 dimissi,
1078 3869 1165 3950 quasi

123 3963 288 4048 legionibus
309 3969 524 4045 adscribendi,
545 3989 581 4030 ac
602 3989 658 4053 per
684 3969 876 4030 occasionem
903 3965 1059 4028 interiecti
1080 3978 1164 4028 sont.

123 4063 196 4141 lam,
215 4067 270 4128 etsi
288 4065 422 4130 Messala
440 4077 511 4160 tum
527 4067 675 4148 temporis
688 4085 755 4126 non
773 4065 838 4148 ipse
852 4065 960 4126 Roma
977 4061 1051 4140 iuit,
1065 4064 1167 4146 potuit

125 4172 215 4226 umen
225 4187 261 4228 sa
281 4185 331 4226 res
346 4163 392 4226 ibi
407 4179 481 4227 nota
492 4164 573 4242 lieri,
586 4177 618 4226 et
634 4175 702 4248 post
717 4184 858 4247 pugnam
876 4165 1046 4241 Audacem,
1064 4181 1165 4245 quum
