<?xml version="1.0" encoding="UTF-8"?>
<!DOCTYPE html PUBLIC "-//W3C//DTD XHTML 1.0 Transitional//EN"
    "http://www.w3.org/TR/xhtml1/DTD/xhtml1-transitional.dtd">
<html xmlns="http://www.w3.org/1999/xhtml" xml:lang="en" lang="en">
 <head>
  <title>
</title>
<meta http-equiv="Content-Type" content="text/html;charset=utf-8" />
  <meta name='ocr-system' content='tesseract 3.04.00' />
  <meta name='ocr-capabilities' content='ocr_page ocr_carea ocr_par ocr_line ocrx_word'/>
</head>
<body>
  <div class='ocr_page' id='page_1' title='image "./sextiaureliipro00goog_0054.png"; bbox 0 0 2940 4974; ppageno 0'>
   <div class='ocr_carea' id='block_1_1' title="bbox 301 451 1038 536">
    <p class='ocr_par' dir='ltr' id='par_1_1' title="bbox 301 451 1038 536">
     <span class='ocr_line' id='line_1_1' title="bbox 301 451 1038 536; baseline -0.008 -14"><span class='ocrx_word' id='word_1_1' title='bbox 301 457 344 536; x_wconf 70' lang='lat'><strong>40</strong></span> <span class='ocrx_word' id='word_1_2' title='bbox 611 451 873 518; x_wconf 79' lang='lat' dir='ltr'><strong>rnornnru</strong></span> <span class='ocrx_word' id='word_1_3' title='bbox 898 454 986 518; x_wconf 78' lang='lat' dir='ltr'><strong>nm.</strong></span> <span class='ocrx_word' id='word_1_4' title='bbox 1013 456 1038 516; x_wconf 90' lang='lat'><strong>1.</strong></span> 
     </span>
    </p>
   </div>
   <div class='ocr_carea' id='block_1_2' title="bbox 343 579 1355 1336">
    <p class='ocr_par' dir='ltr' id='par_1_2' title="bbox 343 579 1355 1336">
     <span class='ocr_line' id='line_1_2' title="bbox 392 579 1041 671; baseline -0.003 -23"><span class='ocrx_word' id='word_1_5' title='bbox 392 579 469 648; x_wconf 89' lang='lat' dir='ltr'><strong>Sitis</strong></span> <span class='ocrx_word' id='word_1_6' title='bbox 481 591 515 644; x_wconf 90' lang='lat' dir='ltr'><strong>et</strong></span> <span class='ocrx_word' id='word_1_7' title='bbox 525 579 562 644; x_wconf 95' lang='lat' dir='ltr'><strong>in</strong></span> <span class='ocrx_word' id='word_1_8' title='bbox 571 591 647 644; x_wconf 91' lang='lat' dir='ltr'><strong>tuto</strong></span> <span class='ocrx_word' id='word_1_9' title='bbox 659 599 793 669; x_wconf 79' lang='lat' dir='ltr'><strong>semper</strong></span> <span class='ocrx_word' id='word_1_10' title='bbox 803 599 919 644; x_wconf 80' lang='lat' dir='ltr'><strong>amore</strong></span> <span class='ocrx_word' id='word_1_11' title='bbox 930 600 1041 671; x_wconf 83' lang='lat' dir='ltr'><strong>peres.</strong></span> 
     </span>
     <span class='ocr_line' id='line_1_3' title="bbox 346 691 1139 772; baseline 0.005 -18"><span class='ocrx_word' id='word_1_12' title='bbox 346 692 387 755; x_wconf 91' lang='lat' dir='ltr'><strong>In</strong></span> <span class='ocrx_word' id='word_1_13' title='bbox 397 710 453 754; x_wconf 89' lang='lat' dir='ltr'><strong>me</strong></span> <span class='ocrx_word' id='word_1_14' title='bbox 464 702 579 755; x_wconf 82' lang='lat' dir='ltr'><strong>nostra</strong></span> <span class='ocrx_word' id='word_1_15' title='bbox 590 691 707 756; x_wconf 84' lang='lat' dir='ltr'>Venus</span> <span class='ocrx_word' id='word_1_16' title='bbox 718 703 835 756; x_wconf 88' lang='lat' dir='ltr'><strong>nootee</strong></span> <span class='ocrx_word' id='word_1_17' title='bbox 846 705 981 756; x_wconf 82' lang='lat' dir='ltr'>exercet</span> <span class='ocrx_word' id='word_1_18' title='bbox 990 712 1139 772; x_wconf 77' lang='lat' dir='ltr'><strong>amarae,</strong></span> 
     </span>
     <span class='ocr_line' id='line_1_4' title="bbox 391 795 1054 890; baseline 0.002 -25"><span class='ocrx_word' id='word_1_19' title='bbox 391 801 435 865; x_wconf 88' lang='lat' dir='ltr'><strong>Et</strong></span> <span class='ocrx_word' id='word_1_20' title='bbox 444 795 540 866; x_wconf 92' lang='lat' dir='ltr'><strong>nullo</strong></span> <span class='ocrx_word' id='word_1_21' title='bbox 551 813 677 866; x_wconf 82' lang='lat' dir='ltr'>vacuus</span> <span class='ocrx_word' id='word_1_22' title='bbox 690 813 843 890; x_wconf 82' lang='lat' dir='ltr'><strong>ternpore</strong></span> <span class='ocrx_word' id='word_1_23' title='bbox 855 796 936 866; x_wconf 85' lang='lat' dir='ltr'><strong>defit</strong></span> <span class='ocrx_word' id='word_1_24' title='bbox 948 821 1054 868; x_wconf 82' lang='lat' dir='ltr'><strong>amor.</strong></span> 
     </span>
     <span class='ocr_line' id='line_1_5' title="bbox 344 907 1355 1003; baseline 0.001 -28"><span class='ocrx_word' id='word_1_25' title='bbox 344 911 435 992; x_wconf 84' lang='lat' dir='ltr'><strong>Hoc,</strong></span> <span class='ocrx_word' id='word_1_26' title='bbox 448 931 588 991; x_wconf 87' lang='lat' dir='ltr'><strong>moneo,</strong></span> <span class='ocrx_word' id='word_1_27' title='bbox 601 911 701 978; x_wconf 81' lang='lat' dir='ltr'><strong>vitate</strong></span> <span class='ocrx_word' id='word_1_28' title='bbox 712 907 842 980; x_wconf 81' lang='lat' dir='ltr'><strong>malum</strong></span> <span class='ocrx_word' id='word_1_29' title='bbox 855 934 862 974; x_wconf 92' lang='lat'><strong>:</strong></span> <span class='ocrx_word' id='word_1_30' title='bbox 876 931 939 976; x_wconf 82' lang='lat' dir='ltr'><strong>suu</strong></span> <span class='ocrx_word' id='word_1_31' title='bbox 950 931 1121 1003; x_wconf 88' lang='lat' dir='ltr'>quemque</span> <span class='ocrx_word' id='word_1_32' title='bbox 1132 923 1285 978; x_wconf 89' lang='lat' dir='ltr'><strong>moretur</strong></span> <span class='ocrx_word' id='word_1_33' title='bbox 1319 923 1355 976; x_wconf 80' lang='lat'><strong>35</strong></span> 
     </span>
     <span class='ocr_line' id='line_1_6' title="bbox 390 1019 1154 1114; baseline 0.003 -28"><span class='ocrx_word' id='word_1_34' title='bbox 390 1023 497 1103; x_wconf 80' lang='lat' dir='ltr'><strong>Cura,</strong></span> <span class='ocrx_word' id='word_1_35' title='bbox 510 1043 622 1114; x_wconf 90' lang='lat' dir='ltr'>neque</span> <span class='ocrx_word' id='word_1_36' title='bbox 633 1019 774 1090; x_wconf 81' lang='lat' dir='ltr'><strong>adsueto</strong></span> <span class='ocrx_word' id='word_1_37' title='bbox 785 1033 895 1088; x_wconf 87' lang='lat' dir='ltr'><strong>mutet</strong></span> <span class='ocrx_word' id='word_1_38' title='bbox 905 1043 1021 1088; x_wconf 83' lang='lat' dir='ltr'><strong>amore</strong></span> <span class='ocrx_word' id='word_1_39' title='bbox 1031 1019 1154 1088; x_wconf 82' lang='lat' dir='ltr'><strong>locum</strong></span> 
     </span>
     <span class='ocr_line' id='line_1_7' title="bbox 343 1127 1166 1224; baseline 0.004 -28"><span class='ocrx_word' id='word_1_40' title='bbox 343 1128 443 1215; x_wconf 88' lang='lat' dir='ltr'>Quod</span> <span class='ocrx_word' id='word_1_41' title='bbox 455 1131 483 1196; x_wconf 91' lang='lat' dir='ltr'><strong>si</strong></span> <span class='ocrx_word' id='word_1_42' title='bbox 495 1133 570 1224; x_wconf 85' lang='lat' dir='ltr'>quis</span> <span class='ocrx_word' id='word_1_43' title='bbox 580 1131 717 1198; x_wconf 77' lang='lat' dir='ltr'><strong>monitis</strong></span> <span class='ocrx_word' id='word_1_44' title='bbox 728 1127 842 1196; x_wconf 76' lang='lat' dir='ltr'><strong>tardes</strong></span> <span class='ocrx_word' id='word_1_45' title='bbox 854 1127 1037 1198; x_wconf 80' lang='lat' dir='ltr'><strong>adverterit</strong></span> <span class='ocrx_word' id='word_1_46' title='bbox 1047 1151 1166 1212; x_wconf 83' lang='lat' dir='ltr'><strong>aures,</strong></span> 
     </span>
     <span class='ocr_line' id='line_1_8' title="bbox 391 1239 1086 1336; baseline 0 -28"><span class='ocrx_word' id='word_1_47' title='bbox 391 1245 467 1308; x_wconf 89' lang='lat' dir='ltr'><strong>Heu</strong></span> <span class='ocrx_word' id='word_1_48' title='bbox 478 1241 601 1310; x_wconf 82' lang='lat' dir='ltr'><strong>referet</strong></span> <span class='ocrx_word' id='word_1_49' title='bbox 612 1255 740 1336; x_wconf 81' lang='lat' dir='ltr'><strong>quanto</strong></span> <span class='ocrx_word' id='word_1_50' title='bbox 751 1240 856 1310; x_wconf 85' lang='lat' dir='ltr'><strong>verba</strong></span> <span class='ocrx_word' id='word_1_51' title='bbox 866 1239 982 1312; x_wconf 92' lang='lat' dir='ltr'><strong>dolore</strong></span> <span class='ocrx_word' id='word_1_52' title='bbox 994 1247 1086 1312; x_wconf 82' lang='lat' dir='ltr'><strong>mea!</strong></span> 
     </span>
    </p>
   </div>
   <div class='ocr_carea' id='block_1_3' title="bbox 296 1423 1437 1972">
    <p class='ocr_par' dir='ltr' id='par_1_3' title="bbox 296 1423 1437 1972">
     <span class='ocr_line' id='line_1_9' title="bbox 296 1423 1357 1500; baseline 0.005 -24"><span class='ocrx_word' id='word_1_53' title='bbox 296 1441 359 1496; x_wconf 78' lang='lat' dir='ltr'><strong>pero</strong></span> <span class='ocrx_word' id='word_1_54' title='bbox 373 1423 504 1478; x_wconf 78' lang='lat' dir='ltr'>Codicum</span> <span class='ocrx_word' id='word_1_55' title='bbox 518 1423 767 1480; x_wconf 76' lang='lat' dir='ltr'><strong>exhibent-Sitit</strong></span> <span class='ocrx_word' id='word_1_56' title='bbox 778 1435 804 1478; x_wconf 82' lang='lat' dir='ltr'><strong>et</strong></span> <span class='ocrx_word' id='word_1_57' title='bbox 850 1445 930 1499; x_wconf 83' lang='lat' dir='ltr'>quem</span> <span class='ocrx_word' id='word_1_58' title='bbox 953 1427 1039 1498; x_wconf 84' lang='lat' dir='ltr'><strong>injicit</strong></span> <span class='ocrx_word' id='word_1_59' title='bbox 1061 1429 1164 1500; x_wconf 80' lang='lat' dir='ltr'><strong>pectori</strong></span> <span class='ocrx_word' id='word_1_60' title='bbox 1188 1429 1298 1482; x_wconf 79' lang='lat' dir='ltr'><strong>femine.</strong></span> <span class='ocrx_word' id='word_1_61' title='bbox 1319 1457 1357 1469; x_wconf 91' lang='lat'>-</span> 
     </span>
     <span class='ocr_line' id='line_1_10' title="bbox 296 1505 1358 1578; baseline 0.002 -20"><span class='ocrx_word' id='word_1_62' title='bbox 296 1506 628 1578; x_wconf 71' lang='lat' dir='ltr'><strong>semperinumorepurer,</strong></span> <span class='ocrx_word' id='word_1_63' title='bbox 639 1507 698 1577; x_wconf 84' lang='lat' dir='ltr'><strong>pori</strong></span> <span class='ocrx_word' id='word_1_64' title='bbox 705 1517 804 1571; x_wconf 88' lang='lat' dir='ltr'><strong>mente,</strong></span> <span class='ocrx_word' id='word_1_65' title='bbox 848 1505 943 1577; x_wconf 80' lang='lat' dir='ltr'>Neque</span> <span class='ocrx_word' id='word_1_66' title='bbox 961 1505 1066 1559; x_wconf 66' lang='lat' dir='ltr'><strong>admeto</strong></span> <span class='ocrx_word' id='word_1_67' title='bbox 1083 1523 1187 1572; x_wconf 80' lang='lat' dir='ltr'><strong>amore,</strong></span> <span class='ocrx_word' id='word_1_68' title='bbox 1210 1523 1295 1578; x_wconf 82' lang='lat' dir='ltr'>quum</span> <span class='ocrx_word' id='word_1_69' title='bbox 1314 1525 1358 1560; x_wconf 85' lang='lat' dir='ltr'><strong>ee-</strong></span> 
     </span>
     <span class='ocr_line' id='line_1_11' title="bbox 298 1583 1356 1658; baseline 0 -20"><span class='ocrx_word' id='word_1_70' title='bbox 298 1583 418 1638; x_wconf 77' lang='lat' dir='ltr'><strong>eentibue</strong></span> <span class='ocrx_word' id='word_1_71' title='bbox 434 1585 547 1652; x_wconf 75' lang='lat' dir='ltr'><strong>iisdem,</strong></span> <span class='ocrx_word' id='word_1_72' title='bbox 565 1605 612 1640; x_wconf 84' lang='lat' dir='ltr'><strong>voe</strong></span> <span class='ocrx_word' id='word_1_73' title='bbox 623 1605 686 1639; x_wconf 86' lang='lat' dir='ltr'><strong>oum</strong></span> <span class='ocrx_word' id='word_1_74' title='bbox 698 1583 804 1658; x_wconf 80' lang='lat' dir='ltr'><strong>puellie.</strong></span> <span class='ocrx_word' id='word_1_75' title='bbox 849 1583 902 1636; x_wconf 87' lang='lat' dir='ltr'><strong>mel</strong></span> <span class='ocrx_word' id='word_1_76' title='bbox 917 1583 1356 1657; x_wconf 62' lang='lat' dir='ltr'><strong>edruetueemoruitmutetqnio·</strong></span> 
     </span>
     <span class='ocr_line' id='line_1_12' title="bbox 334 1662 1357 1740; baseline 0.001 -24"><span class='ocrx_word' id='word_1_77' title='bbox 334 1663 378 1732; x_wconf 68' lang='grc'><strong>34,</strong></span> <span class='ocrx_word' id='word_1_78' title='bbox 400 1665 505 1720; x_wconf 78' lang='lat' dir='ltr'>Vacuus</span> <span class='ocrx_word' id='word_1_79' title='bbox 522 1684 613 1733; x_wconf 85' lang='lat' dir='ltr'><strong>umor,</strong></span> <span class='ocrx_word' id='word_1_80' title='bbox 632 1664 805 1730; x_wconf 74' lang='lat' dir='ltr'><strong>translative,</strong></span> <span class='ocrx_word' id='word_1_81' title='bbox 851 1682 931 1736; x_wconf 82' lang='lat' dir='ltr'>quem</span> <span class='ocrx_word' id='word_1_82' title='bbox 944 1662 1046 1732; x_wconf 87' lang='lat' dir='ltr'><strong>locum,</strong></span> <span class='ocrx_word' id='word_1_83' title='bbox 1057 1663 1121 1718; x_wconf 76' lang='lat' dir='ltr'><strong>levio</strong></span> <span class='ocrx_word' id='word_1_84' title='bbox 1133 1677 1159 1718; x_wconf 87' lang='lat' dir='ltr'><strong>et</strong></span> <span class='ocrx_word' id='word_1_85' title='bbox 1172 1663 1273 1721; x_wconf 70' lang='lat' dir='ltr'><strong>infidus</strong></span> <span class='ocrx_word' id='word_1_86' title='bbox 1283 1683 1357 1740; x_wconf 74' lang='lat' dir='ltr'>que-</span> 
     </span>
     <span class='ocr_line' id='line_1_13' title="bbox 296 1740 1158 1816; baseline 0.001 -22"><span class='ocrx_word' id='word_1_87' title='bbox 296 1762 347 1815; x_wconf 90' lang='lat' dir='ltr'><strong>pro</strong></span> <span class='ocrx_word' id='word_1_88' title='bbox 354 1781 364 1809; x_wconf 90' lang='lat'><strong><em>,</em></strong></span> <span class='ocrx_word' id='word_1_89' title='bbox 378 1743 461 1815; x_wconf 76' lang='lat' dir='ltr'>Cujus</span> <span class='ocrx_word' id='word_1_90' title='bbox 473 1763 523 1816; x_wconf 74' lang='lat' dir='ltr'><strong>ego</strong></span> <span class='ocrx_word' id='word_1_91' title='bbox 537 1745 586 1797; x_wconf 80' lang='lat' dir='ltr'><strong>rim</strong></span> <span class='ocrx_word' id='word_1_92' title='bbox 597 1763 709 1806; x_wconf 74' lang='lat' dir='ltr'>vacuus,</span> <span class='ocrx_word' id='word_1_93' title='bbox 850 1755 893 1794; x_wconf 83' lang='lat' dir='ltr'><strong>rut</strong></span> <span class='ocrx_word' id='word_1_94' title='bbox 905 1740 1053 1813; x_wconf 74' lang='lat' dir='ltr'><strong>voluptates</strong></span> <span class='ocrx_word' id='word_1_95' title='bbox 1066 1760 1158 1795; x_wconf 81' lang='lat' dir='ltr'><strong>novae.</strong></span> 
     </span>
     <span class='ocr_line' id='line_1_14' title="bbox 333 1820 1358 1897; baseline 0.003 -19"><span class='ocrx_word' id='word_1_96' title='bbox 333 1823 378 1878; x_wconf 80' lang='lat'><strong>³5.</strong></span> <span class='ocrx_word' id='word_1_97' title='bbox 401 1825 461 1878; x_wconf 81' lang='lat' dir='ltr'><strong>Hor</strong></span> <span class='ocrx_word' id='word_1_98' title='bbox 480 1825 604 1891; x_wconf 81' lang='lat' dir='ltr'><strong>malum,</strong></span> <span class='ocrx_word' id='word_1_99' title='bbox 626 1825 701 1897; x_wconf 83' lang='lat' dir='ltr'>quod</span> <span class='ocrx_word' id='word_1_100' title='bbox 719 1829 806 1881; x_wconf 80' lang='lat' dir='ltr'><strong>emioo</strong></span> <span class='ocrx_word' id='word_1_101' title='bbox 885 1820 929 1875; x_wconf 77' lang='lat'><strong>38·</strong></span> <span class='ocrx_word' id='word_1_102' title='bbox 951 1821 1011 1874; x_wconf 68' lang='lat' dir='ltr'><strong>Heu</strong></span> <span class='ocrx_word' id='word_1_103' title='bbox 1033 1821 1138 1894; x_wconf 66' lang='lat' dir='ltr'><strong>referti,</strong></span> <span class='ocrx_word' id='word_1_104' title='bbox 1158 1823 1309 1876; x_wconf 86' lang='lat' dir='ltr'><strong>meminerit</strong></span> <span class='ocrx_word' id='word_1_105' title='bbox 1329 1837 1358 1875; x_wconf 85' lang='lat' dir='ltr'><strong>et</strong></span> 
     </span>
     <span class='ocr_line' id='line_1_15' title="bbox 298 1893 1437 1972; baseline -0.003 -18"><span class='ocrx_word' id='word_1_106' title='bbox 298 1901 390 1955; x_wconf 80' lang='lat' dir='ltr'><strong>relicte</strong></span> <span class='ocrx_word' id='word_1_107' title='bbox 414 1901 479 1955; x_wconf 81' lang='lat' dir='ltr'><strong>milti</strong></span> <span class='ocrx_word' id='word_1_108' title='bbox 502 1907 631 1958; x_wconf 72' lang='lat' dir='ltr'><strong>contraxi.</strong></span> <span class='ocrx_word' id='word_1_109' title='bbox 655 1934 691 1944; x_wconf 88' lang='lat'>—</span> <span class='ocrx_word' id='word_1_110' title='bbox 715 1907 804 1972; x_wconf 79' lang='lat' dir='ltr'>Cura,</span> <span class='ocrx_word' id='word_1_111' title='bbox 849 1901 963 1968; x_wconf 76' lang='lat' dir='ltr'><strong>referet,</strong></span> <span class='ocrx_word' id='word_1_112' title='bbox 977 1913 1028 1954; x_wconf 88' lang='lat' dir='ltr'><strong>eto.</strong></span> <span class='ocrx_word' id='word_1_113' title='bbox 1434 1893 1437 1902; x_wconf 73' lang='grc'><strong>’</strong></span> 
     </span>
    </p>
   </div>
   <div class='ocr_carea' id='block_1_4' title="bbox 707 2093 952 2118">
    <p class='ocr_par' dir='ltr' id='par_1_4' title="bbox 707 2093 952 2118">
     <span class='ocr_line' id='line_1_16' title="bbox 707 2093 952 2118; baseline -0.016 0"><span class='ocrx_word' id='word_1_114' title='bbox 707 2093 952 2118; x_wconf 55' lang='grc' dir='ltr'><strong>Μ</strong></span> 
     </span>
    </p>
   </div>
   <div class='ocr_carea' id='block_1_5' title="bbox 542 2225 1119 2298">
    <p class='ocr_par' dir='ltr' id='par_1_5' title="bbox 542 2225 1119 2298">
     <span class='ocr_line' id='line_1_17' title="bbox 542 2225 1119 2298; baseline -0.007 -3"><span class='ocrx_word' id='word_1_115' title='bbox 542 2229 862 2298; x_wconf 82' lang='grc' dir='ltr'><strong>ΙΜΙΤΑΤΙΟΝΕ8</strong></span> <span class='ocrx_word' id='word_1_116' title='bbox 886 2225 1119 2294; x_wconf 78' lang='lat' dir='ltr'><strong>GALLIGAE.</strong></span> 
     </span>
    </p>
   </div>
   <div class='ocr_carea' id='block_1_6' title="bbox 300 2407 1362 2642">
    <p class='ocr_par' dir='ltr' id='par_1_6' title="bbox 300 2407 1362 2642">
     <span class='ocr_line' id='line_1_18' title="bbox 338 2407 1361 2484; baseline 0.004 -24"><span class='ocrx_word' id='word_1_117' title='bbox 338 2427 361 2461; x_wconf 92' lang='grc' dir='ltr'><strong>ι.</strong></span> <span class='ocrx_word' id='word_1_118' title='bbox 375 2409 489 2480; x_wconf 75' lang='lat' dir='ltr'><strong>Gyntlriu</strong></span> <span class='ocrx_word' id='word_1_119' title='bbox 499 2410 587 2482; x_wconf 81' lang='lat' dir='ltr'><strong>prima</strong></span> <span class='ocrx_word' id='word_1_120' title='bbox 598 2413 666 2480; x_wconf 75' lang='lat' dir='ltr'><strong>ruis,</strong></span> <span class='ocrx_word' id='word_1_121' title='bbox 678 2425 730 2464; x_wconf 86' lang='lat' dir='ltr'><strong>eto.</strong></span> <span class='ocrx_word' id='word_1_122' title='bbox 745 2407 951 2484; x_wconf 67' lang='lat' dir='ltr'><strong>compererint</strong></span> <span class='ocrx_word' id='word_1_123' title='bbox 964 2407 1108 2464; x_wconf 72' lang='lat' dir='ltr'><strong>versiculos</strong></span> <span class='ocrx_word' id='word_1_124' title='bbox 1120 2407 1296 2480; x_wconf 82' lang='lat' dir='ltr'><strong>adponinrue‚</strong></span> <span class='ocrx_word' id='word_1_125' title='bbox 1309 2415 1361 2465; x_wconf 83' lang='lat' dir='ltr'><strong>etei</strong></span> 
     </span>
     <span class='ocr_line' id='line_1_19' title="bbox 300 2487 1361 2564; baseline 0.002 -22"><span class='ocrx_word' id='word_1_126' title='bbox 300 2489 408 2562; x_wconf 86' lang='lat' dir='ltr'>quidem</span> <span class='ocrx_word' id='word_1_127' title='bbox 423 2491 562 2564; x_wconf 75' lang='lat' dir='ltr'>utriunque</span> <span class='ocrx_word' id='word_1_128' title='bbox 576 2491 629 2544; x_wconf 90' lang='lat' dir='ltr'><strong>looi</strong></span> <span class='ocrx_word' id='word_1_129' title='bbox 645 2494 733 2545; x_wconf 85' lang='lat' dir='ltr'><strong>forme</strong></span> <span class='ocrx_word' id='word_1_130' title='bbox 746 2511 802 2544; x_wconf 86' lang='lat' dir='ltr'><strong>non</strong></span> <span class='ocrx_word' id='word_1_131' title='bbox 817 2489 910 2544; x_wconf 80' lang='lat' dir='ltr'><strong>eedem</strong></span> <span class='ocrx_word' id='word_1_132' title='bbox 924 2501 978 2555; x_wconf 81' lang='lat' dir='ltr'><strong>eet,</strong></span> <span class='ocrx_word' id='word_1_133' title='bbox 996 2488 1093 2562; x_wconf 73' lang='lat' dir='ltr'>quibus</span> <span class='ocrx_word' id='word_1_134' title='bbox 1108 2487 1225 2542; x_wconf 80' lang='lat' dir='ltr'><strong>celebrat</strong></span> <span class='ocrx_word' id='word_1_135' title='bbox 1240 2491 1361 2561; x_wconf 85' lang='lat' dir='ltr'><strong>primum</strong></span> 
     </span>
     <span class='ocr_line' id='line_1_20' title="bbox 300 2569 1362 2642; baseline 0 -20"><span class='ocrx_word' id='word_1_136' title='bbox 300 2587 419 2622; x_wconf 76' lang='lat' dir='ltr'><strong>amorem</strong></span> <span class='ocrx_word' id='word_1_137' title='bbox 438 2589 517 2624; x_wconf 80' lang='lat' dir='ltr'><strong>enum</strong></span> <span class='ocrx_word' id='word_1_138' title='bbox 534 2573 646 2638; x_wconf 78' lang='lat' dir='ltr'><strong>femine,</strong></span> <span class='ocrx_word' id='word_1_139' title='bbox 663 2573 803 2624; x_wconf 80' lang='lat' dir='ltr'><strong>Motorum</strong></span> <span class='ocrx_word' id='word_1_140' title='bbox 821 2571 904 2624; x_wconf 76' lang='lat' dir='ltr'><strong>deone</strong></span> <span class='ocrx_word' id='word_1_141' title='bbox 922 2583 1043 2640; x_wconf 86' lang='lat' dir='ltr'><strong>ereptum</strong></span> <span class='ocrx_word' id='word_1_142' title='bbox 1058 2569 1127 2620; x_wconf 79' lang='lat' dir='ltr'>heul</span> <span class='ocrx_word' id='word_1_143' title='bbox 1144 2587 1231 2642; x_wconf 86' lang='lat' dir='ltr'><strong>nuper</strong></span> <span class='ocrx_word' id='word_1_144' title='bbox 1246 2569 1362 2638; x_wconf 69' lang='lat' dir='ltr'><strong>Gellia,</strong></span> 
     </span>
    </p>
   </div>
   <div class='ocr_carea' id='block_1_7' title="bbox 299 2640 1362 2782">
    <p class='ocr_par' dir='ltr' id='par_1_7' title="bbox 299 2640 1362 2782">
     <span class='ocr_line' id='line_1_21' title="bbox 299 2640 1362 2778; baseline 0.002 -76"><span class='ocrx_word' id='word_1_145' title='bbox 299 2651 421 2778; x_wconf 60' lang='lat' dir='ltr'><strong>proclamo</strong></span> <span class='ocrx_word' id='word_1_146' title='bbox 438 2652 597 2718; x_wconf 69' lang='lat' dir='ltr'><strong>Domitor,</strong></span> <span class='ocrx_word' id='word_1_147' title='bbox 611 2649 657 2704; x_wconf 89' lang='lat' dir='ltr'><strong>lib.</strong></span> <span class='ocrx_word' id='word_1_148' title='bbox 670 2653 698 2720; x_wconf 81' lang='lat'><strong>1,</strong></span> <span class='ocrx_word' id='word_1_149' title='bbox 715 2640 837 2724; x_wconf 66' lang='lat' dir='ltr'><strong>l&#39;llqiee,</strong></span> <span class='ocrx_word' id='word_1_150' title='bbox 848 2653 877 2704; x_wconf 88' lang='lat' dir='ltr'><strong>in</strong></span> <span class='ocrx_word' id='word_1_151' title='bbox 888 2651 1006 2704; x_wconf 74' lang='lat' dir='ltr'><strong>oet-niue</strong></span> <span class='ocrx_word' id='word_1_152' title='bbox 1023 2647 1180 2702; x_wconf 69' lang='lat' dir='ltr'><strong>terremur</strong></span> <span class='ocrx_word' id='word_1_153' title='bbox 1191 2663 1309 2704; x_wconf 72' lang='lat' dir='ltr'><strong>moment</strong></span> <span class='ocrx_word' id='word_1_154' title='bbox 1326 2652 1362 2704; x_wconf 78' lang='lat' dir='ltr'><strong>de</strong></span> 
     </span>
     <span class='ocr_line' id='line_1_22' title="bbox 319 2747 429 2782; baseline 0 -2"><span class='ocrx_word' id='word_1_155' title='bbox 319 2747 429 2782; x_wconf 82' lang='lat' dir='ltr'><strong>amour:</strong></span> 
     </span>
    </p>
   </div>
   <div class='ocr_carea' id='block_1_8' title="bbox 487 2844 1167 3192">
    <p class='ocr_par' dir='ltr' id='par_1_8' title="bbox 487 2844 1167 3192">
     <span class='ocr_line' id='line_1_23' title="bbox 488 2844 1167 2910; baseline 0.001 -19"><span class='ocrx_word' id='word_1_156' title='bbox 488 2845 508 2891; x_wconf 96' lang='lat' dir='ltr'><strong>ll</strong></span> <span class='ocrx_word' id='word_1_157' title='bbox 520 2857 555 2892; x_wconf 80' lang='lat' dir='ltr'><strong>ert</strong></span> <span class='ocrx_word' id='word_1_158' title='bbox 563 2847 629 2892; x_wconf 67' lang='lat' dir='ltr'><strong>soor&amp;</strong></span> <span class='ocrx_word' id='word_1_159' title='bbox 637 2861 700 2909; x_wconf 86' lang='lat' dir='ltr'><strong>pour</strong></span> <span class='ocrx_word' id='word_1_160' title='bbox 709 2849 771 2902; x_wconf 84' lang='lat' dir='ltr'><strong>mol,</strong></span> <span class='ocrx_word' id='word_1_161' title='bbox 783 2847 840 2893; x_wconf 81' lang='lat' dir='ltr'><strong>o&#39;eet</strong></span> <span class='ocrx_word' id='word_1_162' title='bbox 850 2861 906 2893; x_wconf 84' lang='lat' dir='ltr'><strong>mon</strong></span> <span class='ocrx_word' id='word_1_163' title='bbox 915 2847 1018 2910; x_wconf 77' lang='lat' dir='ltr'><strong>premier</strong></span> <span class='ocrx_word' id='word_1_164' title='bbox 1027 2844 1089 2890; x_wconf 78' lang='lat' dir='ltr'>beau</span> <span class='ocrx_word' id='word_1_165' title='bbox 1097 2845 1167 2908; x_wconf 83' lang='lat' dir='ltr'><strong>jour,</strong></span> 
     </span>
     <span class='ocr_line' id='line_1_24' title="bbox 487 2915 1041 2980; baseline -0.002 -16"><span class='ocrx_word' id='word_1_166' title='bbox 487 2919 520 2964; x_wconf 82' lang='lat' dir='ltr'><strong>Lo</strong></span> <span class='ocrx_word' id='word_1_167' title='bbox 530 2915 582 2964; x_wconf 69' lang='lat' dir='ltr'>seul</span> <span class='ocrx_word' id='word_1_168' title='bbox 592 2917 650 2964; x_wconf 88' lang='lat' dir='ltr'><strong>dont</strong></span> <span class='ocrx_word' id='word_1_169' title='bbox 656 2917 682 2978; x_wconf 88' lang='lat' dir='ltr'><strong>je</strong></span> <span class='ocrx_word' id='word_1_170' title='bbox 692 2933 729 2964; x_wconf 87' lang='lat' dir='ltr'><strong>me</strong></span> <span class='ocrx_word' id='word_1_171' title='bbox 738 2915 812 2980; x_wconf 73' lang='lat' dir='ltr'><strong>pluite</strong></span> <span class='ocrx_word' id='word_1_172' title='bbox 824 2918 908 2965; x_wconf 69' lang='lat' dir='ltr'><strong>iliter</strong></span> <span class='ocrx_word' id='word_1_173' title='bbox 915 2917 938 2964; x_wconf 89' lang='lat' dir='ltr'><strong>le</strong></span> <span class='ocrx_word' id='word_1_174' title='bbox 947 2929 1041 2974; x_wconf 88' lang='lat' dir='ltr'><strong>retoor,</strong></span> 
     </span>
     <span class='ocr_line' id='line_1_25' title="bbox 551 2987 973 3053; baseline 0.002 -20"><span class='ocrx_word' id='word_1_175' title='bbox 551 2989 584 3033; x_wconf 87' lang='lat' dir='ltr'><strong>Ce</strong></span> <span class='ocrx_word' id='word_1_176' title='bbox 593 2987 650 3048; x_wconf 87' lang='lat' dir='ltr'><strong>jour</strong></span> <span class='ocrx_word' id='word_1_177' title='bbox 661 2987 768 3034; x_wconf 84' lang='lat' dir='ltr'>heureux</span> <span class='ocrx_word' id='word_1_178' title='bbox 779 2993 812 3035; x_wconf 79' lang='lat' dir='ltr'><strong>ou</strong></span> <span class='ocrx_word' id='word_1_179' title='bbox 823 3001 847 3036; x_wconf 77' lang='lat' dir='ltr'><strong>te</strong></span> <span class='ocrx_word' id='word_1_180' title='bbox 858 2991 973 3053; x_wconf 68' lang='lat' dir='ltr'><strong>presente</strong></span> 
     </span>
     <span class='ocr_line' id='line_1_26' title="bbox 490 3055 1122 3122; baseline 0.005 -20"><span class='ocrx_word' id='word_1_181' title='bbox 490 3058 573 3103; x_wconf 85' lang='lat' dir='ltr'><strong>Onvrlt</strong></span> <span class='ocrx_word' id='word_1_182' title='bbox 582 3071 638 3103; x_wconf 86' lang='lat' dir='ltr'><strong>mon</strong></span> <span class='ocrx_word' id='word_1_183' title='bbox 649 3073 713 3105; x_wconf 79' lang='lat' dir='ltr'>eoeur</span> <span class='ocrx_word' id='word_1_184' title='bbox 721 3059 818 3122; x_wconf 79' lang='lat' dir='ltr'><strong>peitible</strong></span> <span class='ocrx_word' id='word_1_185' title='bbox 827 3075 859 3107; x_wconf 79' lang='lat' dir='ltr'>eu</span> <span class='ocrx_word' id='word_1_186' title='bbox 867 3059 960 3107; x_wconf 85' lang='lat' dir='ltr'><strong>trouble</strong></span> <span class='ocrx_word' id='word_1_187' title='bbox 972 3058 1002 3106; x_wconf 88' lang='lat' dir='ltr'><strong>de</strong></span> <span class='ocrx_word' id='word_1_188' title='bbox 1011 3055 1122 3116; x_wconf 81' lang='lat' dir='ltr'><strong>lemonr,</strong></span> 
     </span>
     <span class='ocr_line' id='line_1_27' title="bbox 489 3125 1055 3192; baseline 0.004 -20"><span class='ocrx_word' id='word_1_189' title='bbox 489 3128 517 3173; x_wconf 82' lang='lat' dir='ltr'><strong>Et</strong></span> <span class='ocrx_word' id='word_1_190' title='bbox 526 3125 580 3174; x_wconf 80' lang='lat' dir='ltr'><strong>d&#39;nn</strong></span> <span class='ocrx_word' id='word_1_191' title='bbox 590 3126 646 3174; x_wconf 88' lang='lat' dir='ltr'><strong>bien</strong></span> <span class='ocrx_word' id='word_1_192' title='bbox 657 3130 760 3176; x_wconf 84' lang='lat' dir='ltr'><strong>lnoonnn</strong></span> <span class='ocrx_word' id='word_1_193' title='bbox 768 3129 897 3192; x_wconf 80' lang='lat' dir='ltr'><strong>m&#39;apportn</strong></span> <span class='ocrx_word' id='word_1_194' title='bbox 906 3129 1055 3192; x_wconf 76' lang='lat' dir='ltr'><strong>l’eeplronoe.</strong></span> 
     </span>
    </p>
   </div>
   <div class='ocr_carea' id='block_1_9' title="bbox 303 3231 1365 3398">
    <p class='ocr_par' dir='ltr' id='par_1_9' title="bbox 303 3231 1365 3398">
     <span class='ocr_line' id='line_1_28' title="bbox 341 3231 1363 3318; baseline 0.004 -24"><span class='ocrx_word' id='word_1_195' title='bbox 341 3241 381 3295; x_wconf 83' lang='lat'><strong>16.</strong></span> <span class='ocrx_word' id='word_1_196' title='bbox 404 3241 521 3296; x_wconf 80' lang='lat' dir='ltr'><strong>Tantum</strong></span> <span class='ocrx_word' id='word_1_197' title='bbox 540 3243 569 3295; x_wconf 83' lang='lat' dir='ltr'><strong>in</strong></span> <span class='ocrx_word' id='word_1_198' title='bbox 590 3262 678 3299; x_wconf 71' lang='lat' dir='ltr'><strong>umore</strong></span> <span class='ocrx_word' id='word_1_199' title='bbox 695 3231 799 3318; x_wconf 72' lang='lat' dir='ltr'><strong>preces,</strong></span> <span class='ocrx_word' id='word_1_200' title='bbox 820 3258 871 3297; x_wconf 85' lang='lat' dir='ltr'><strong>ete.</strong></span> <span class='ocrx_word' id='word_1_201' title='bbox 890 3243 1011 3297; x_wconf 83' lang='lat' dir='ltr'>Pluribus</span> <span class='ocrx_word' id='word_1_202' title='bbox 1028 3241 1148 3297; x_wconf 72' lang='lat' dir='ltr'><strong>versibus</strong></span> <span class='ocrx_word' id='word_1_203' title='bbox 1170 3257 1283 3296; x_wconf 80' lang='lat' dir='ltr'><strong>exornet</strong></span> <span class='ocrx_word' id='word_1_204' title='bbox 1304 3263 1363 3298; x_wconf 91' lang='lat' dir='ltr'><strong>non</strong></span> 
     </span>
     <span class='ocr_line' id='line_1_29' title="bbox 303 3321 1365 3398; baseline 0.003 -26"><span class='ocrx_word' id='word_1_205' title='bbox 303 3321 450 3374; x_wconf 81' lang='lat' dir='ltr'><strong>absimilem</strong></span> <span class='ocrx_word' id='word_1_206' title='bbox 477 3324 636 3375; x_wconf 83' lang='lat' dir='ltr'><strong>tententiem</strong></span> <span class='ocrx_word' id='word_1_207' title='bbox 658 3324 799 3392; x_wconf 76' lang='lat' dir='ltr'><strong>Qotrtenu‘r</strong></span> <span class='ocrx_word' id='word_1_208' title='bbox 822 3323 957 3398; x_wconf 62' lang='lat' dir='ltr'><strong>(emperie</strong></span> <span class='ocrx_word' id='word_1_209' title='bbox 979 3323 1080 3398; x_wconf 84' lang='lat' dir='ltr'><strong>lyn&#39;que</strong></span> <span class='ocrx_word' id='word_1_210' title='bbox 1104 3323 1210 3394; x_wconf 64' lang='lat' dir='ltr'><strong>atys,</strong></span> <span class='ocrx_word' id='word_1_211' title='bbox 1234 3337 1286 3377; x_wconf 75' lang='lat' dir='ltr'><strong>aot.</strong></span> <span class='ocrx_word' id='word_1_212' title='bbox 1310 3325 1365 3393; x_wconf 86' lang='lat' dir='ltr'><strong>IV,</strong></span> 
     </span>
    </p>
   </div>
   <div class='ocr_carea' id='block_1_10' title="bbox 145 3391 1203 3475">
    <p class='ocr_par' dir='ltr' id='par_1_10' title="bbox 145 3391 1203 3475">
     <span class='ocr_line' id='line_1_30' title="bbox 145 3391 1203 3475; baseline 0.006 -25"><span class='ocrx_word' id='word_1_213' title='bbox 145 3391 151 3402; x_wconf 81' lang='lat'>&#39;</span> <span class='ocrx_word' id='word_1_214' title='bbox 223 3401 226 3408; x_wconf 86' lang='grc'><strong>’</strong></span> <span class='ocrx_word' id='word_1_215' title='bbox 302 3417 374 3453; x_wconf 81' lang='lat' dir='ltr'><strong>soen.</strong></span> <span class='ocrx_word' id='word_1_216' title='bbox 387 3399 437 3472; x_wconf 78' lang='lat'><strong>5),</strong></span> <span class='ocrx_word' id='word_1_217' title='bbox 452 3402 520 3454; x_wconf 85' lang='lat' dir='ltr'><strong>inter</strong></span> <span class='ocrx_word' id='word_1_218' title='bbox 538 3420 597 3470; x_wconf 82' lang='lat' dir='ltr'><strong>eos,</strong></span> <span class='ocrx_word' id='word_1_219' title='bbox 619 3401 715 3474; x_wconf 86' lang='lat' dir='ltr'>quibue</span> <span class='ocrx_word' id='word_1_220' title='bbox 734 3401 894 3475; x_wconf 71' lang='lat' dir='ltr'><strong>gloriemur,</strong></span> <span class='ocrx_word' id='word_1_221' title='bbox 911 3401 1092 3459; x_wconf 77' lang='lat' dir='ltr'><strong>nominandus</strong></span> <span class='ocrx_word' id='word_1_222' title='bbox 1107 3414 1203 3474; x_wconf 80' lang='lat' dir='ltr'><strong>poete:</strong></span> 
     </span>
    </p>
   </div>
   <div class='ocr_carea' id='block_1_11' title="bbox 499 3523 1000 4226">
    <p class='ocr_par' dir='ltr' id='par_1_11' title="bbox 550 3523 1000 3998">
     <span class='ocr_line' id='line_1_31' title="bbox 554 3523 869 3587; baseline 0 -17"><span class='ocrx_word' id='word_1_223' title='bbox 554 3525 588 3570; x_wconf 64' lang='lat' dir='ltr'><strong>la</strong></span> <span class='ocrx_word' id='word_1_224' title='bbox 595 3523 712 3572; x_wconf 74' lang='lat' dir='ltr'><strong>benutela</strong></span> <span class='ocrx_word' id='word_1_225' title='bbox 724 3523 779 3587; x_wconf 79' lang='lat' dir='ltr'><strong>plot</strong></span> <span class='ocrx_word' id='word_1_226' title='bbox 790 3525 869 3571; x_wconf 75' lang='lat' dir='ltr'><strong>revere</strong></span> 
     </span>
     <span class='ocr_line' id='line_1_32' title="bbox 551 3593 965 3658; baseline 0 -16"><span class='ocrx_word' id='word_1_227' title='bbox 551 3594 628 3642; x_wconf 85' lang='lat' dir='ltr'><strong>Prentl</strong></span> <span class='ocrx_word' id='word_1_228' title='bbox 636 3595 693 3657; x_wconf 76' lang='lat' dir='ltr'><strong>piot</strong></span> <span class='ocrx_word' id='word_1_229' title='bbox 702 3593 758 3642; x_wconf 84' lang='lat' dir='ltr'>d&#39;un</span> <span class='ocrx_word' id='word_1_230' title='bbox 766 3594 822 3658; x_wconf 74' lang='lat' dir='ltr'><strong>long</strong></span> <span class='ocrx_word' id='word_1_231' title='bbox 831 3607 965 3652; x_wconf 82' lang='lat' dir='ltr'><strong>tourment,</strong></span> 
     </span>
     <span class='ocr_line' id='line_1_33' title="bbox 550 3665 868 3729; baseline 0.009 -17"><span class='ocrx_word' id='word_1_232' title='bbox 550 3667 582 3713; x_wconf 85' lang='lat' dir='ltr'><strong>Et</strong></span> <span class='ocrx_word' id='word_1_233' title='bbox 590 3665 685 3712; x_wconf 79' lang='lat' dir='ltr'><strong>l&#39;nment</strong></span> <span class='ocrx_word' id='word_1_234' title='bbox 693 3669 735 3729; x_wconf 83' lang='lat' dir='ltr'><strong>qui</strong></span> <span class='ocrx_word' id='word_1_235' title='bbox 744 3669 868 3728; x_wconf 72' lang='lat' dir='ltr'><strong>perre&#39;vlre</strong></span> 
     </span>
     <span class='ocr_line' id='line_1_34' title="bbox 552 3737 905 3787; baseline 0.003 -3"><span class='ocrx_word' id='word_1_236' title='bbox 552 3738 652 3784; x_wconf 78' lang='lat' dir='ltr'><strong>[levient</strong></span> <span class='ocrx_word' id='word_1_237' title='bbox 661 3753 695 3786; x_wconf 90' lang='lat' dir='ltr'><strong>un</strong></span> <span class='ocrx_word' id='word_1_238' title='bbox 703 3737 809 3785; x_wconf 81' lang='lat' dir='ltr'><strong>heurenr</strong></span> <span class='ocrx_word' id='word_1_239' title='bbox 819 3751 905 3787; x_wconf 75' lang='lat' dir='ltr'><strong>emant.</strong></span> 
     </span>
     <span class='ocr_line' id='line_1_35' title="bbox 551 3807 941 3854; baseline 0.003 -1"><span class='ocrx_word' id='word_1_240' title='bbox 551 3809 614 3854; x_wconf 84' lang='lat' dir='ltr'><strong>Tout</strong></span> <span class='ocrx_word' id='word_1_241' title='bbox 624 3820 659 3854; x_wconf 79' lang='lat' dir='ltr'><strong>eet</strong></span> <span class='ocrx_word' id='word_1_242' title='bbox 668 3807 731 3853; x_wconf 84' lang='lat' dir='ltr'><strong>dour</strong></span> <span class='ocrx_word' id='word_1_243' title='bbox 739 3819 762 3853; x_wconf 87' lang='lat' dir='ltr'><strong>et</strong></span> <span class='ocrx_word' id='word_1_244' title='bbox 771 3809 822 3854; x_wconf 86' lang='lat' dir='ltr'><strong>rien</strong></span> <span class='ocrx_word' id='word_1_245' title='bbox 830 3824 861 3854; x_wconf 89' lang='lat' dir='ltr'><strong>ne</strong></span> <span class='ocrx_word' id='word_1_246' title='bbox 871 3809 941 3854; x_wconf 81' lang='lat' dir='ltr'><strong>colite</strong></span> 
     </span>
     <span class='ocr_line' id='line_1_36' title="bbox 552 3877 1000 3942; baseline 0 -18"><span class='ocrx_word' id='word_1_247' title='bbox 552 3879 615 3925; x_wconf 86' lang='lat' dir='ltr'><strong>Pour</strong></span> <span class='ocrx_word' id='word_1_248' title='bbox 623 3893 657 3924; x_wconf 87' lang='lat' dir='ltr'><strong>un</strong></span> <span class='ocrx_word' id='word_1_249' title='bbox 667 3895 733 3932; x_wconf 82' lang='lat' dir='ltr'><strong>ooeur</strong></span> <span class='ocrx_word' id='word_1_250' title='bbox 742 3877 814 3942; x_wconf 88' lang='lat' dir='ltr'><strong>qn&#39;on</strong></span> <span class='ocrx_word' id='word_1_251' title='bbox 823 3891 878 3925; x_wconf 78' lang='lat' dir='ltr'>veut</span> <span class='ocrx_word' id='word_1_252' title='bbox 887 3877 986 3932; x_wconf 79' lang='lat' dir='ltr'><strong>toucher</strong></span> <span class='ocrx_word' id='word_1_253' title='bbox 995 3896 1000 3924; x_wconf 95' lang='lat'><strong>:</strong></span> 
     </span>
     <span class='ocr_line' id='line_1_37' title="bbox 553 3949 863 3998; baseline 0.006 -4"><span class='ocrx_word' id='word_1_254' title='bbox 553 3949 641 3996; x_wconf 82' lang='lat' dir='ltr'><strong>L’ontle</strong></span> <span class='ocrx_word' id='word_1_255' title='bbox 650 3966 674 3998; x_wconf 79' lang='lat' dir='ltr'><strong>ee</strong></span> <span class='ocrx_word' id='word_1_256' title='bbox 685 3951 729 3996; x_wconf 80' lang='lat' dir='ltr'><strong>luit</strong></span> <span class='ocrx_word' id='word_1_257' title='bbox 737 3967 785 3998; x_wconf 88' lang='lat' dir='ltr'><strong>une</strong></span> <span class='ocrx_word' id='word_1_258' title='bbox 793 3963 863 3998; x_wconf 78' lang='lat' dir='ltr'><strong>route</strong></span> 
     </span>
    </p>

    <p class='ocr_par' dir='ltr' id='par_1_12' title="bbox 499 4021 960 4226">
     <span class='ocr_line' id='line_1_38' title="bbox 499 4021 923 4084; baseline 0.009 -17"><span class='ocrx_word' id='word_1_259' title='bbox 499 4061 502 4078; x_wconf 82' lang='lat'><em>,</em></span> <span class='ocrx_word' id='word_1_260' title='bbox 552 4023 586 4068; x_wconf 79' lang='lat' dir='ltr'><strong>lin</strong></span> <span class='ocrx_word' id='word_1_261' title='bbox 596 4021 728 4084; x_wconf 75' lang='lat' dir='ltr'><strong>r’eilorqent</strong></span> <span class='ocrx_word' id='word_1_262' title='bbox 736 4022 788 4069; x_wconf 83' lang='lat' dir='ltr'><strong>‹l&#39;en</strong></span> <span class='ocrx_word' id='word_1_263' title='bbox 798 4023 923 4082; x_wconf 63' lang='lat' dir='ltr'><strong>cher-chen</strong></span> 
     </span>
     <span class='ocr_line' id='line_1_39' title="bbox 552 4090 960 4156; baseline 0.007 -19"><span class='ocrx_word' id='word_1_264' title='bbox 552 4090 624 4138; x_wconf 83' lang='lat' dir='ltr'>L&#39;eeu</span> <span class='ocrx_word' id='word_1_265' title='bbox 632 4095 673 4155; x_wconf 89' lang='lat' dir='ltr'><strong>qui</strong></span> <span class='ocrx_word' id='word_1_266' title='bbox 683 4092 761 4139; x_wconf 85' lang='lat' dir='ltr'><strong>tombe</strong></span> <span class='ocrx_word' id='word_1_267' title='bbox 771 4105 850 4154; x_wconf 66' lang='lat' dir='ltr'><strong>goutte</strong></span> <span class='ocrx_word' id='word_1_268' title='bbox 859 4097 874 4140; x_wconf 76' lang='lat' dir='ltr'><strong>l</strong></span> <span class='ocrx_word' id='word_1_269' title='bbox 882 4105 960 4156; x_wconf 76' lang='lat' dir='ltr'><strong>qoutte</strong></span> 
     </span>
     <span class='ocr_line' id='line_1_40' title="bbox 554 4163 933 4226; baseline 0.008 -17"><span class='ocrx_word' id='word_1_270' title='bbox 554 4165 623 4210; x_wconf 83' lang='lat' dir='ltr'><strong>Peroe</strong></span> <span class='ocrx_word' id='word_1_271' title='bbox 631 4163 653 4211; x_wconf 92' lang='lat' dir='ltr'><strong>le</strong></span> <span class='ocrx_word' id='word_1_272' title='bbox 663 4163 716 4226; x_wconf 79' lang='lat' dir='ltr'><strong>plut</strong></span> <span class='ocrx_word' id='word_1_273' title='bbox 725 4165 771 4212; x_wconf 87' lang='lat' dir='ltr'><strong>dur</strong></span> <span class='ocrx_word' id='word_1_274' title='bbox 780 4163 870 4212; x_wconf 85' lang='lat' dir='ltr'><strong>rother.</strong></span> <span class='ocrx_word' id='word_1_275' title='bbox 930 4195 933 4206; x_wconf 83' lang='lat'>·</span> 
     </span>
    </p>
   </div>
   <div class='ocr_carea' id='block_1_12' title="bbox 0 0 1492 4974">
    <p class='ocr_par' dir='ltr' id='par_1_13' title="bbox 0 0 1492 4974">
     <span class='ocr_line' id='line_1_41' title="bbox 0 0 1492 4974; baseline 0 0"><span class='ocrx_word' id='word_1_276' title='bbox 0 0 1492 4974; x_wconf 95' lang='lat' dir='ltr'><strong> </strong></span> 
     </span>
    </p>
   </div>
  </div>
 </body>
</html>
