2808 4974
451 483 632 548 ELEGIA
656 485 683 548 1.
1033 488 1093 552 153

108 614 207 704 Mysus
218 627 251 676 et
261 609 439 675 Haemonie
446 605 664 712 juvenisque
678 604 819 700 cuspide
830 606 954 678 vulnus

142 723 305 804 Senserat,
322 718 387 787 hac
398 721 472 812 ipsa
483 717 624 812 cuspide
639 721 744 786 sensit
755 741 865 811 opem.

104 835 164 898 lloc
174 833 200 898 si
210 832 284 925 quis
297 831 417 897 vitium
431 832 554 922 poterit
564 827 646 896 mihi
659 828 813 914 demere,
826 829 919 900 solus
1063 844 1097 899 65

141 942 302 1012 Tantaleae
315 943 439 1035 poterit
449 939 582 1010 tradere
595 965 697 1035 poma
707 967 831 1028 mcnu3

10 1053 11 1076 ¹
79 1093 83 1104 ·
103 1050 186 1120 Dolia
196 1055 351 1146 virgineis
363 1050 454 1120 idem
466 1051 523 1120 ille
535 1051 717 1146 repleverit
730 1055 843 1134 urnis,

142 1167 185 1231 lle
198 1180 313 1232 tenere
327 1161 470 1231 adsidua
483 1162 571 1232 colla
584 1181 767 1256 graventur
777 1189 886 1260 equo3

10 1287 11 1362 j
104 1273 183 1342 idem
194 1277 352 1344 Caucasia
365 1275 473 1344 solvet
486 1272 529 1343 de
543 1300 629 1368 rupe
642 1275 834 1344 Promethei

140 1383 491 1472 Brachia,etamedio
503 1403 642 1480 pectore
656 1386 761 1479 pellet
774 1411 882 1455 avem.
1064 1416 1098 1469 70

10 1481 12 1488 ¹
102 1498 378 1594 Quandocumque
389 1501 492 1592 igitur
502 1501 607 1567 vitam
619 1524 696 1566 mea
710 1500 778 1566 fata
791 1515 990 1592 reposcent,

139 1613 177 1676 Et
186 1608 286 1678 breve
300 1613 336 1678 in
348 1607 469 1704 exigito
481 1633 791 1679 marmorenomen
803 1634 881 1694 ero;

10 1755 11 1800 ff
102 1724 270 1802 Maecenas,
285 1737 413 1790 nostrae
425 1745 503 1814 spes
515 1720 681 1790 invidiosa
691 1719 862 1814 juventae,

10 1825 11 1828 '
138 1834 177 1898 Et
187 1815 306 1900 vitae'et
319 1833 422 1900 morti
434 1829 541 1925 gloria
549 1830 644 1926 justa
657 1855 762 1914 mens,

101 1940 830 2035 Sitefortemeoducetviaproximahusto,
1066 1952 1099 2024 7⁵

139 2053 258 2122 Beseda
270 2052 396 2123 caelctis
409 2057 489 2124 siste
500 2057 659 2124 Britanna
668 2053 779 2148 jugis,

66 2205 150 2273 hoe,nt
160 2210 277 2280 ridetur,
287 2214 546 2286 Graeciprniversnt.
628 2215 672 2285 67.
691 2215 769 2267 Umoe
787 2213 925 2287 virqineoe,
939 2227 1011 2263 nme
1024 2209 1101 2280 virgi·

66 2315 93 2326 -
109 2289 187 2345 Grecis
210 2291 303 2347 herbis.
323 2294 456 2367 Reputets
476 2297 547 2348 enim
575 2315 655 2348 snum
667 2293 857 2366 (Danaidum).
870 2292 950 2344 Recte
961 2290 1040 2360 igitur
1052 2288 1101 2341 lib.

10 2365 12 2416 l
66 2364 124 2420 (eeu
137 2371 199 2424 ierre
213 2371 412 2427 saluberrimas.
592 2375 640 2441 lll,
654 2375 699 2440 13,
710 2373 761 2439 30,
774 2373 903 2445 uiryiueos
914 2368 1044 2434 calathos,
1054 2367 1102 2420 ubi

92 2447 127 2502 fid
150 2453 239 2523 Mysus
259 2455 389 2525 juvenis,
414 2453 548 2526 Telephus
592 2468 726 2527 reponunt
741 2453 868 2508 vimineos
888 2451 981 2504 critici.
1004 2449 1055 2502 Sed
1076 2463 1102 2502 et

10 2533 11 2536 ’
66 2524 176 2597 llpumm
193 2547 255 2596 rex,
273 2530 358 2584 Graeci
380 2550 462 2603 quum
480 2533 547 2584 Tro-
593 2537 738 2610 virqineum
750 2533 920 2609 qymnasium
936 2531 989 2584 hoc
1007 2528 1102 2582 eodem

64 2605 106 2672 jau
116 2621 226 2678 peterent
240 2608 416 2681 litoribusque
431 2609 548 2683 adpulis·
592 2613 660 2667 libro
678 2615 729 2681 111,
757 2613 803 2680 14,
827 2629 861 2678 n,
879 2611 1009 2686 virgineus
1024 2608 1103 2680 fortes

67 2699 111 2738 tent
136 2690 235 2761 Mysia,
259 2701 350 2742 exorta
377 2709 489 2763 pugna,
515 2690 548 2744 sb
592 2695 643 2760 tv,
664 2697 697 2763 4,
721 2693 764 2763 44.
784 2693 844 2746 Jem
862 2709 948 2754 vero,
973 2691 996 2741 si
1019 2690 1102 2740 totins

66 2763 146 2820 Anile
156 2769 324 2836 vnlneratus,
337 2785 362 2823 et
374 2769 483 2835 eedem,
496 2789 554 2843 que·
593 2774 646 2826 loci
656 2791 806 2826 cornuum
818 2769 1003 2834 adtendimus,
1017 2787 1033 2820 c
1044 2787 1103 2820 ver·

66 2843 370 2916 wathsusfrhecata
385 2849 494 2902 Achillis
504 2868 548 2902 sa·
592 2851 678 2904 siculo
698 2853 793 2904 Omnes
808 2849 938 2901 humanos
954 2857 1030 2900 sanat
1044 2864 1101 2897 me-

66 2939 128 2976 rutur
137 2927 253 3000 cuspide.
271 2927 435 2981 Claudianus
450 2930 477 2980 iu
494 2931 547 2981 De·
592 2931 679 2983 dieina
690 2929 790 2982 dolores
798 2931 848 2980 trin
859 2926 978 2998 pendent
987 2925 1102 2978 disticha

65 3007 547 3074 medonesdfladrianum,XXXlX,
592 3009 666 3078 haec,
679 3011 766 3063 Tarda
778 3006 979 3061 Philoctete...
998 3005 1102 3077 cuspide

66 3082 110 3147 l5=
126 3087 205 3157 eQue
224 3109 274 3162 per
289 3103 316 3142 te
330 3089 443 3155 cecidit,
457 3109 506 3162 per
522 3103 548 3142 te
592 3091 671 3145 sensit
688 3109 780 3163 opem,¹
800 3107 862 3140 cum
881 3079 966 3140 eltero
982 3088 1102 3152 minore,

65 3163 155 3218 bunna
171 3182 299 3239 resurgat.
327 3169 413 3222 Sanus
429 3167 548 3221 Achillea
593 3171 671 3226 Solus
681 3188 757 3221 amor
767 3167 850 3220 moriri
864 3187 917 3222 non
931 3177 1005 3218 amat
1018 3162 1104 3238 artifi-

65 3250 171 3300 remeavit
188 3249 323 3322 Telephus
350 3249 445 3315 hesta,
466 3251 548 3319 Cujus
593 3271 668 3318 cem,
689 3253 842 3321 junguntur
864 3267 914 3314 es,
936 3265 993 3319 ques
1017 3243 1051 3298 de
1075 3263 1102 3297 se

12 3363 14 3366 -
65 3324 187 3393 perulerat
206 3331 312 3383 vires·
340 3329 457 3396 Plinius,
482 3330 547 3380 flist.
594 3331 746 3402 Propertius
758 3327 876 3398 subjicit.

65 3401 114 3457 liat.
125 3405 202 3474 XXV,
221 3427 268 3480 ¹9,
281 3410 448 3462 utilissimam
458 3409 550 3478 aerngi·
631 3411 674 3482 73.
694 3412 814 3464 Juvenroe
836 3419 928 3462 nostru
953 3423 1009 3477 spes
1034 3403 1103 3456 invi-

66 3497 113 3533 ΝΜ
131 3487 274 3558 emplastris
293 3487 327 3538 ab
346 3485 450 3538 Achille
471 3485 550 3538 tradit
595 3491 684 3556 diosa,
695 3492 722 3541 in
734 3508 787 3560 quo
802 3507 875 3559 spem
888 3486 939 3539 sibi
951 3503 1012 3536 cum
1024 3501 1103 3536 umu-

64 3559 192 3632 iuvenum,
203 3569 250 3637 qui
260 3565 318 3619 ideo
328 3567 403 3638 pingi
414 3563 506 3618 solitus
517 3566 550 3617 tlt
594 3571 694 3624 latione
705 3570 840 3640 quaesitsm
847 3570 973 3638 juventus
982 3565 1104 3615 Romana

65 3637 183 3722 decutiens
199 3647 272 3699 illam
288 3645 399 3719 cuspide
414 3647 441 3696 in
455 3645 550 3696 vulnus
596 3653 680 3723 ponit.
692 3650 733 3702 Sic
744 3662 769 3700 et
780 3647 852 3719 opud
867 3645 991 3700 Ovidium
1003 3641 1103 3708 habes,

64 3719 169 3794 T‘ltphl·
595 3733 704 3782 Metam.
721 3729 773 3794 IV,
789 3725 860 3796 794:
880 3721 1104 3794 uMultorurnque

91 3799 131 3853 65.
149 3801 243 3856 Vitium
258 3823 308 3876 pro
326 3822 432 3869 amore,
454 3814 484 3854 ut
497 3803 550 3870 lll,
595 3809 715 3876 fuit-spes
731 3805 856 3858 invidiosa
873 3820 1050 3874 procorum.»
1067 3830 1105 3842 -

68 3893 105 3946 ¹7,
118 3880 143 3933 6.
152 3883 282 3951 -Solus‚
295 3901 364 3937 unus
377 3883 495 3936 omnium
504 3923 510 3946 ,
520 3894 550 3934 ut
595 3887 632 3939 Et
647 3885 721 3954 vitoe,
734 3897 784 3936 etc.
803 3897 828 3936 et
843 3885 871 3936 in
886 3883 940 3936 vite
951 3880 1016 3934 mihi
1026 3888 1057 3934 'et
1076 3884 1103 3934 in

65 3971 111 4010 m!
126 3980 162 4014 ts.
185 3962 227 4030 48.
242 3993 279 4005 -
295 3964 431 4018 Tantaleus
450 3981 551 4030 mauu,
596 3978 681 4018 morte
687 3967 759 4036 justa
772 3981 851 4015 causa
865 3961 964 4034 gloriae.

65 4041 142 4092 naui
153 4038 196 4112 (ci.
211 4045 236 4112 l,
252 4061 296 4110 rr,
313 4044 380 4114 rr),
398 4042 496 4096 trudere
505 4061 552 4114 po·
633 4043 676 4113 76.
694 4043 807 4110 Esseda,
826 4040 948 4093 militaria
966 4039 1104 4090 Britanno-

66 4135 100 4170 Μ
111 4123 215 4191 polerit,
226 4143 283 4196 qun
292 4145 401 4198 carpere
411 4137 552 4178 conantem
597 4141 656 4174 rum
668 4121 791 4175 vehicula
803 4119 892 4191 (coni.
906 4119 970 4172 Ces.
984 4118 1017 4170 de
1030 4115 1104 4172 Bello

66 4197 227 4257 indesinenter
241 4205 353 4278 fugiunt.
597 4202 666 4256 Gall.
682 4203 727 4270 tv,
738 4201 807 4273 ³3),
820 4201 902 4268 levis,
912 4197 1018 4252 duabus
1030 4197 1106 4261 rotis,
