<?xml version="1.0" encoding="UTF-8"?>
<!DOCTYPE html PUBLIC "-//W3C//DTD XHTML 1.0 Transitional//EN"
    "http://www.w3.org/TR/xhtml1/DTD/xhtml1-transitional.dtd">
<html xmlns="http://www.w3.org/1999/xhtml" xml:lang="en" lang="en">
 <head>
  <title>
</title>
<meta http-equiv="Content-Type" content="text/html;charset=utf-8" />
  <meta name='ocr-system' content='tesseract 3.04.00' />
  <meta name='ocr-capabilities' content='ocr_page ocr_carea ocr_par ocr_line ocrx_word'/>
</head>
<body>
  <div class='ocr_page' id='page_1' title='image "./sextiaureliipro00goog_0075.png"; bbox 0 0 2940 4974; ppageno 0'>
   <div class='ocr_carea' id='block_1_1' title="bbox 27 1199 30 1740">
    <p class='ocr_par' dir='ltr' id='par_1_1' title="bbox 27 1199 30 1740">
     <span class='ocr_line' id='line_1_1' title="bbox 28 1199 30 1270; baseline 0 -4"><span class='ocrx_word' id='word_1_1' title='bbox 28 1199 30 1270; x_wconf 78' lang='lat' dir='ltr'><strong>l</strong></span> 
     </span>
     <span class='ocr_line' id='line_1_2' title="bbox 27 1687 29 1740; baseline 0 0"><span class='ocrx_word' id='word_1_2' title='bbox 27 1687 29 1740; x_wconf 75' lang='lat' dir='ltr'><strong>l</strong></span> 
     </span>
    </p>
   </div>
   <div class='ocr_carea' id='block_1_2' title="bbox 133 445 1142 478">
    <p class='ocr_par' dir='ltr' id='par_1_2' title="bbox 133 445 1142 478">
     <span class='ocr_line' id='line_1_3' title="bbox 133 445 1142 478; baseline 0.002 -4"><span class='ocrx_word' id='word_1_3' title='bbox 133 445 1142 478; x_wconf 58' lang='lat' dir='ltr'><strong>m</strong></span> 
     </span>
    </p>
   </div>
   <div class='ocr_carea' id='block_1_3' title="bbox 430 609 815 708">
    <p class='ocr_par' dir='ltr' id='par_1_3' title="bbox 430 609 815 708">
     <span class='ocr_line' id='line_1_4' title="bbox 430 609 815 708; baseline 0 -2"><span class='ocrx_word' id='word_1_4' title='bbox 430 609 691 708; x_wconf 80' lang='lat' dir='ltr'><strong>ELEGIA</strong></span> <span class='ocrx_word' id='word_1_5' title='bbox 728 609 815 707; x_wconf 82' lang='lat' dir='ltr'><strong>vl.</strong></span> 
     </span>
    </p>
   </div>
   <div class='ocr_carea' id='block_1_4' title="bbox 466 846 774 914">
    <p class='ocr_par' dir='ltr' id='par_1_4' title="bbox 466 846 774 914">
     <span class='ocr_line' id='line_1_5' title="bbox 466 846 774 914; baseline -0.006 0"><span class='ocrx_word' id='word_1_6' title='bbox 466 846 530 914; x_wconf 80' lang='lat' dir='ltr'><strong>AD</strong></span> <span class='ocrx_word' id='word_1_7' title='bbox 552 847 774 914; x_wconf 87' lang='lat' dir='ltr'><strong>TULLUM.</strong></span> 
     </span>
    </p>
   </div>
   <div class='ocr_carea' id='block_1_5' title="bbox 574 1092 680 1108">
    <p class='ocr_par' dir='ltr' id='par_1_5' title="bbox 574 1092 680 1108">
     <span class='ocr_line' id='line_1_6' title="bbox 574 1092 680 1108; baseline 0 0"><span class='ocrx_word' id='word_1_8' title='bbox 574 1092 680 1108; x_wconf 44' lang='lat' dir='ltr'><strong>m</strong></span> 
     </span>
    </p>
   </div>
   <div class='ocr_carea' id='block_1_6' title="bbox 506 1286 735 1326">
    <p class='ocr_par' dir='ltr' id='par_1_6' title="bbox 506 1286 735 1326">
     <span class='ocr_line' id='line_1_7' title="bbox 506 1286 735 1326; baseline -0.009 0"><span class='ocrx_word' id='word_1_9' title='bbox 506 1286 735 1326; x_wconf 68' lang='grc' dir='ltr'><strong>ΑΒῦΰΙΙΕΜῦΙ.</strong></span> 
     </span>
    </p>
   </div>
   <div class='ocr_carea' id='block_1_7' title="bbox 107 1399 1149 1881">
    <p class='ocr_par' dir='ltr' id='par_1_7' title="bbox 107 1399 1149 1881">
     <span class='ocr_line' id='line_1_8' title="bbox 136 1399 1148 1486; baseline -0.001 -19"><span class='ocrx_word' id='word_1_10' title='bbox 136 1407 280 1468; x_wconf 68' lang='lat' dir='ltr'><strong>fomitem</strong></span> <span class='ocrx_word' id='word_1_11' title='bbox 295 1399 359 1466; x_wconf 86' lang='lat' dir='ltr'><strong>sibi</strong></span> <span class='ocrx_word' id='word_1_12' title='bbox 372 1401 484 1464; x_wconf 84' lang='lat' dir='ltr'><strong>Tullus</strong></span> <span class='ocrx_word' id='word_1_13' title='bbox 500 1415 625 1486; x_wconf 86' lang='lat' dir='ltr'><strong>poetam</strong></span> <span class='ocrx_word' id='word_1_14' title='bbox 643 1401 794 1463; x_wconf 79' lang='lat' dir='ltr'><strong>abducere</strong></span> <span class='ocrx_word' id='word_1_15' title='bbox 808 1399 943 1479; x_wconf 82' lang='lat' dir='ltr'><strong>volebat,</strong></span> <span class='ocrx_word' id='word_1_16' title='bbox 961 1399 1094 1486; x_wconf 90' lang='lat' dir='ltr'><strong>publicis</strong></span> <span class='ocrx_word' id='word_1_17' title='bbox 1110 1405 1148 1466; x_wconf 88' lang='lat' dir='ltr'><strong>de</strong></span> 
     </span>
     <span class='ocr_line' id='line_1_9' title="bbox 108 1497 1149 1588; baseline -0.001 -22"><span class='ocrx_word' id='word_1_18' title='bbox 108 1505 181 1566; x_wconf 84' lang='lat' dir='ltr'><strong>rebus</strong></span> <span class='ocrx_word' id='word_1_19' title='bbox 199 1527 298 1588; x_wconf 88' lang='lat' dir='ltr'><strong>quum</strong></span> <span class='ocrx_word' id='word_1_20' title='bbox 317 1507 354 1565; x_wconf 90' lang='lat' dir='ltr'><strong>in</strong></span> <span class='ocrx_word' id='word_1_21' title='bbox 372 1504 476 1564; x_wconf 80' lang='lat' dir='ltr'><strong>Asiam</strong></span> <span class='ocrx_word' id='word_1_22' title='bbox 495 1504 679 1562; x_wconf 82' lang='lat' dir='ltr'><strong>mitteretur.</strong></span> <span class='ocrx_word' id='word_1_23' title='bbox 700 1499 773 1562; x_wconf 86' lang='lat' dir='ltr'><strong>Esse</strong></span> <span class='ocrx_word' id='word_1_24' title='bbox 791 1499 861 1562; x_wconf 85' lang='lat' dir='ltr'><strong>loca</strong></span> <span class='ocrx_word' id='word_1_25' title='bbox 878 1497 967 1562; x_wconf 88' lang='lat' dir='ltr'><strong>nulla</strong></span> <span class='ocrx_word' id='word_1_26' title='bbox 985 1503 1149 1588; x_wconf 81' lang='lat' dir='ltr'><strong>respondet</strong></span> 
     </span>
     <span class='ocr_line' id='line_1_10' title="bbox 108 1597 1148 1686; baseline -0.002 -24"><span class='ocrx_word' id='word_1_27' title='bbox 108 1603 282 1686; x_wconf 77' lang='lat' dir='ltr'><strong>Propertius,</strong></span> <span class='ocrx_word' id='word_1_28' title='bbox 297 1621 368 1685; x_wconf 75' lang='lat' dir='ltr'><strong>quse</strong></span> <span class='ocrx_word' id='word_1_29' title='bbox 383 1601 462 1662; x_wconf 89' lang='lat' dir='ltr'><strong>duce</strong></span> <span class='ocrx_word' id='word_1_30' title='bbox 476 1598 567 1659; x_wconf 84' lang='lat' dir='ltr'><strong>Tullo</strong></span> <span class='ocrx_word' id='word_1_31' title='bbox 584 1617 651 1658; x_wconf 88' lang='lat' dir='ltr'><strong>non</strong></span> <span class='ocrx_word' id='word_1_32' title='bbox 670 1597 755 1658; x_wconf 82' lang='lat' dir='ltr'><strong>adire</strong></span> <span class='ocrx_word' id='word_1_33' title='bbox 766 1597 855 1672; x_wconf 85' lang='lat' dir='ltr'><strong>velit3</strong></span> <span class='ocrx_word' id='word_1_34' title='bbox 870 1597 923 1658; x_wconf 86' lang='lat' dir='ltr'><strong>sed</strong></span> <span class='ocrx_word' id='word_1_35' title='bbox 944 1599 1060 1658; x_wconf 82' lang='lat' dir='ltr'><strong>vietum</strong></span> <span class='ocrx_word' id='word_1_36' title='bbox 1078 1601 1148 1660; x_wconf 89' lang='lat' dir='ltr'><strong>reti·</strong></span> 
     </span>
     <span class='ocr_line' id='line_1_11' title="bbox 108 1695 1149 1782; baseline -0.002 -24"><span class='ocrx_word' id='word_1_37' title='bbox 108 1700 159 1758; x_wconf 85' lang='lat' dir='ltr'><strong>neri</strong></span> <span class='ocrx_word' id='word_1_38' title='bbox 170 1721 199 1760; x_wconf 82' lang='lat' dir='ltr'><strong>se</strong></span> <span class='ocrx_word' id='word_1_39' title='bbox 209 1699 356 1782; x_wconf 86' lang='lat' dir='ltr'><strong>precibus</strong></span> <span class='ocrx_word' id='word_1_40' title='bbox 371 1710 403 1758; x_wconf 88' lang='lat' dir='ltr'><strong>et</strong></span> <span class='ocrx_word' id='word_1_41' title='bbox 413 1697 519 1757; x_wconf 79' lang='lat' dir='ltr'><strong>smicae</strong></span> <span class='ocrx_word' id='word_1_42' title='bbox 536 1695 696 1776; x_wconf 73' lang='lat' dir='ltr'><strong>lucrymis,</strong></span> <span class='ocrx_word' id='word_1_43' title='bbox 710 1715 812 1776; x_wconf 88' lang='lat' dir='ltr'><strong>neque</strong></span> <span class='ocrx_word' id='word_1_44' title='bbox 827 1695 907 1754; x_wconf 78' lang='lat' dir='ltr'><strong>tenti</strong></span> <span class='ocrx_word' id='word_1_45' title='bbox 922 1715 986 1755; x_wconf 88' lang='lat' dir='ltr'><strong>esse</strong></span> <span class='ocrx_word' id='word_1_46' title='bbox 998 1695 1056 1756; x_wconf 90' lang='lat' dir='ltr'><strong>sibi</strong></span> <span class='ocrx_word' id='word_1_47' title='bbox 1072 1695 1149 1756; x_wconf 88' lang='lat' dir='ltr'><strong>cele-</strong></span> 
     </span>
     <span class='ocr_line' id='line_1_12' title="bbox 107 1794 1149 1881; baseline -0.001 -25"><span class='ocrx_word' id='word_1_48' title='bbox 107 1797 208 1858; x_wconf 80' lang='lat' dir='ltr'><strong>lmtnrn</strong></span> <span class='ocrx_word' id='word_1_49' title='bbox 220 1799 368 1881; x_wconf 79' lang='lat' dir='ltr'><strong>quamvis</strong></span> <span class='ocrx_word' id='word_1_50' title='bbox 380 1797 542 1878; x_wconf 76' lang='lat' dir='ltr'><strong>regionem</strong></span> <span class='ocrx_word' id='word_1_51' title='bbox 553 1794 665 1869; x_wconf 85' lang='lat' dir='ltr'><strong>visere,</strong></span> <span class='ocrx_word' id='word_1_52' title='bbox 675 1804 725 1868; x_wconf 87' lang='lat' dir='ltr'><strong>ut,</strong></span> <span class='ocrx_word' id='word_1_53' title='bbox 739 1813 818 1875; x_wconf 87' lang='lat' dir='ltr'><strong>quos</strong></span> <span class='ocrx_word' id='word_1_54' title='bbox 832 1794 1005 1876; x_wconf 84' lang='lat' dir='ltr'><strong>praescntit,</strong></span> <span class='ocrx_word' id='word_1_55' title='bbox 1022 1794 1149 1856; x_wconf 77' lang='lat' dir='ltr'><strong>insanos</strong></span> 
     </span>
    </p>
   </div>
   <div class='ocr_carea' id='block_1_8' title="bbox 26 1889 1149 1986">
    <p class='ocr_par' dir='ltr' id='par_1_8' title="bbox 26 1889 1149 1986">
     <span class='ocr_line' id='line_1_13' title="bbox 26 1889 1149 1986; baseline 0 -32"><span class='ocrx_word' id='word_1_56' title='bbox 26 1939 27 1986; x_wconf 38' lang='lat'><em>4</em></span> <span class='ocrx_word' id='word_1_57' title='bbox 106 1894 241 1959; x_wconf 78' lang='lat' dir='ltr'><strong>derelictae</strong></span> <span class='ocrx_word' id='word_1_58' title='bbox 258 1895 371 1981; x_wconf 82' lang='lat' dir='ltr'><strong>puellae</strong></span> <span class='ocrx_word' id='word_1_59' title='bbox 386 1894 510 1956; x_wconf 87' lang='lat' dir='ltr'><strong>dolores</strong></span> <span class='ocrx_word' id='word_1_60' title='bbox 521 1894 678 1954; x_wconf 81' lang='lat' dir='ltr'><strong>sustineat.</strong></span> <span class='ocrx_word' id='word_1_61' title='bbox 691 1890 802 1951; x_wconf 80' lang='lat' dir='ltr'><strong>Civilia</strong></span> <span class='ocrx_word' id='word_1_62' title='bbox 816 1889 922 1952; x_wconf 82' lang='lat' dir='ltr'><strong>decere</strong></span> <span class='ocrx_word' id='word_1_63' title='bbox 936 1891 1062 1952; x_wconf 88' lang='lat' dir='ltr'><strong>Tullum</strong></span> <span class='ocrx_word' id='word_1_64' title='bbox 1078 1914 1149 1954; x_wconf 90' lang='lat' dir='ltr'><strong>mu-</strong></span> 
     </span>
    </p>
   </div>
   <div class='ocr_carea' id='block_1_9' title="bbox 26 1993 28 2064">
    <p class='ocr_par' dir='ltr' id='par_1_9' title="bbox 26 1993 28 2064">
     <span class='ocr_line' id='line_1_14' title="bbox 26 1993 28 2064; baseline 0 0"><span class='ocrx_word' id='word_1_65' title='bbox 26 1993 28 2064; x_wconf 80' lang='lat' dir='ltr'><strong>i</strong></span> 
     </span>
    </p>
   </div>
   <div class='ocr_carea' id='block_1_10' title="bbox 106 1986 1148 2348">
    <p class='ocr_par' dir='ltr' id='par_1_10' title="bbox 106 1986 1148 2348">
     <span class='ocr_line' id='line_1_15' title="bbox 106 1986 1148 2076; baseline -0.001 -24"><span class='ocrx_word' id='word_1_66' title='bbox 106 1993 158 2068; x_wconf 79' lang='lat' dir='ltr'><strong>nia,</strong></span> <span class='ocrx_word' id='word_1_67' title='bbox 169 1997 224 2076; x_wconf 85' lang='lat' dir='ltr'><strong>qui</strong></span> <span class='ocrx_word' id='word_1_68' title='bbox 232 1995 328 2075; x_wconf 71' lang='lat' dir='ltr'><strong>longe</strong></span> <span class='ocrx_word' id='word_1_69' title='bbox 335 1993 462 2054; x_wconf 85' lang='lat' dir='ltr'><strong>Veneris</strong></span> <span class='ocrx_word' id='word_1_70' title='bbox 470 2012 578 2052; x_wconf 84' lang='lat' dir='ltr'><strong>curam</strong></span> <span class='ocrx_word' id='word_1_71' title='bbox 589 2007 717 2050; x_wconf 86' lang='lat' dir='ltr'><strong>omnem</strong></span> <span class='ocrx_word' id='word_1_72' title='bbox 727 1986 857 2048; x_wconf 80' lang='lat' dir='ltr'><strong>habeat:</strong></span> <span class='ocrx_word' id='word_1_73' title='bbox 870 1987 956 2052; x_wconf 81' lang='lat' dir='ltr'><strong>laudi</strong></span> <span class='ocrx_word' id='word_1_74' title='bbox 969 2011 999 2050; x_wconf 85' lang='lat' dir='ltr'><strong>se</strong></span> <span class='ocrx_word' id='word_1_75' title='bbox 1011 2011 1148 2051; x_wconf 76' lang='lat' dir='ltr'><strong>noneste</strong></span> 
     </span>
     <span class='ocr_line' id='line_1_16' title="bbox 106 2087 1148 2174; baseline -0.001 -24"><span class='ocrx_word' id='word_1_76' title='bbox 106 2105 215 2167; x_wconf 75' lang='lat' dir='ltr'><strong>mmm,</strong></span> <span class='ocrx_word' id='word_1_77' title='bbox 229 2105 261 2152; x_wconf 86' lang='lat' dir='ltr'><strong>et</strong></span> <span class='ocrx_word' id='word_1_78' title='bbox 279 2089 360 2151; x_wconf 82' lang='lat' dir='ltr'><strong>velle</strong></span> <span class='ocrx_word' id='word_1_79' title='bbox 380 2112 438 2174; x_wconf 88' lang='lat' dir='ltr'><strong>pro</strong></span> <span class='ocrx_word' id='word_1_80' title='bbox 451 2090 518 2150; x_wconf 84' lang='lat' dir='ltr'><strong>fato</strong></span> <span class='ocrx_word' id='word_1_81' title='bbox 534 2107 656 2170; x_wconf 84' lang='lat' dir='ltr'><strong>semper</strong></span> <span class='ocrx_word' id='word_1_82' title='bbox 675 2099 833 2147; x_wconf 82' lang='lat' dir='ltr'><strong>amantem</strong></span> <span class='ocrx_word' id='word_1_83' title='bbox 845 2088 957 2148; x_wconf 81' lang='lat' dir='ltr'><strong>vivere.</strong></span> <span class='ocrx_word' id='word_1_84' title='bbox 978 2089 1045 2148; x_wconf 84' lang='lat' dir='ltr'><strong>Hac</strong></span> <span class='ocrx_word' id='word_1_85' title='bbox 1063 2087 1148 2171; x_wconf 76' lang='lat' dir='ltr'><strong>lege,</strong></span> 
     </span>
     <span class='ocr_line' id='line_1_17' title="bbox 107 2183 1146 2269; baseline -0.002 -23"><span class='ocrx_word' id='word_1_86' title='bbox 107 2183 152 2246; x_wconf 85' lang='lat' dir='ltr'><strong>loc</strong></span> <span class='ocrx_word' id='word_1_87' title='bbox 165 2187 240 2269; x_wconf 77' lang='lat' dir='ltr'><strong>jugo</strong></span> <span class='ocrx_word' id='word_1_88' title='bbox 257 2186 368 2248; x_wconf 82' lang='lat' dir='ltr'><strong>Tullus</strong></span> <span class='ocrx_word' id='word_1_89' title='bbox 382 2188 518 2248; x_wconf 80' lang='lat' dir='ltr'><strong>amicum</strong></span> <span class='ocrx_word' id='word_1_90' title='bbox 534 2185 633 2246; x_wconf 90' lang='lat' dir='ltr'><strong>teneri</strong></span> <span class='ocrx_word' id='word_1_91' title='bbox 650 2183 777 2264; x_wconf 76' lang='lat' dir='ltr'><strong>cogitet,</strong></span> <span class='ocrx_word' id='word_1_92' title='bbox 797 2204 850 2267; x_wconf 86' lang='lat' dir='ltr'><strong>per</strong></span> <span class='ocrx_word' id='word_1_93' title='bbox 865 2203 1077 2266; x_wconf 82' lang='lat' dir='ltr'><strong>quascumque</strong></span> <span class='ocrx_word' id='word_1_94' title='bbox 1088 2197 1146 2246; x_wconf 86' lang='lat' dir='ltr'><strong>ter·</strong></span> 
     </span>
     <span class='ocr_line' id='line_1_18' title="bbox 107 2283 437 2348; baseline 0.003 -3"><span class='ocrx_word' id='word_1_95' title='bbox 107 2283 233 2348; x_wconf 73' lang='lat' dir='ltr'><strong>millius</strong></span> <span class='ocrx_word' id='word_1_96' title='bbox 247 2287 437 2347; x_wconf 87' lang='lat' dir='ltr'><strong>meminerit.</strong></span> 
     </span>
    </p>
   </div>
   <div class='ocr_carea' id='block_1_11' title="bbox 563 2469 674 2489">
    <p class='ocr_par' dir='ltr' id='par_1_11' title="bbox 563 2469 674 2489">
     <span class='ocr_line' id='line_1_19' title="bbox 563 2469 674 2489; baseline -0.009 -3"><span class='ocrx_word' id='word_1_97' title='bbox 563 2469 674 2489; x_wconf 57' lang='grc' dir='ltr'>ιιι-,ιι-</span> 
     </span>
    </p>
   </div>
   <div class='ocr_carea' id='block_1_12' title="bbox 141 2577 1145 3160">
    <p class='ocr_par' dir='ltr' id='par_1_12' title="bbox 146 2577 1091 2826">
     <span class='ocr_line' id='line_1_20' title="bbox 146 2577 1091 2713; baseline 0 -23"><span class='ocrx_word' id='word_1_98' title='bbox 146 2577 233 2690; x_wconf 78' lang='lat' dir='ltr'><strong>Non</strong></span> <span class='ocrx_word' id='word_1_99' title='bbox 245 2645 309 2713; x_wconf 71' lang='lat' dir='ltr'><strong>ego</strong></span> <span class='ocrx_word' id='word_1_100' title='bbox 321 2643 415 2688; x_wconf 92' lang='lat' dir='ltr'><strong>nunc</strong></span> <span class='ocrx_word' id='word_1_101' title='bbox 426 2617 561 2689; x_wconf 83' lang='lat' dir='ltr'><strong>Hadriae</strong></span> <span class='ocrx_word' id='word_1_102' title='bbox 572 2645 692 2690; x_wconf 91' lang='lat' dir='ltr'><strong>vereor</strong></span> <span class='ocrx_word' id='word_1_103' title='bbox 702 2646 796 2691; x_wconf 74' lang='lat' dir='ltr'><strong>mare</strong></span> <span class='ocrx_word' id='word_1_104' title='bbox 810 2646 951 2693; x_wconf 89' lang='lat' dir='ltr'><strong>noscere</strong></span> <span class='ocrx_word' id='word_1_105' title='bbox 963 2639 1091 2706; x_wconf 88' lang='lat' dir='ltr'><strong>tecum,</strong></span> 
     </span>
     <span class='ocr_line' id='line_1_21' title="bbox 183 2731 873 2826; baseline 0.003 -26"><span class='ocrx_word' id='word_1_106' title='bbox 183 2732 297 2814; x_wconf 86' lang='lat' dir='ltr'><strong>Tulle,</strong></span> <span class='ocrx_word' id='word_1_107' title='bbox 309 2755 424 2826; x_wconf 86' lang='lat' dir='ltr'><strong>neque</strong></span> <span class='ocrx_word' id='word_1_108' title='bbox 437 2737 548 2824; x_wconf 73' lang='lat' dir='ltr'><strong>AEgaeo</strong></span> <span class='ocrx_word' id='word_1_109' title='bbox 560 2731 685 2802; x_wconf 89' lang='lat' dir='ltr'><strong>ducere</strong></span> <span class='ocrx_word' id='word_1_110' title='bbox 696 2733 772 2802; x_wconf 84' lang='lat' dir='ltr'><strong>vela</strong></span> <span class='ocrx_word' id='word_1_111' title='bbox 784 2735 873 2818; x_wconf 83' lang='lat' dir='ltr'><strong>salo;</strong></span> 
     </span>
    </p>

    <p class='ocr_par' dir='ltr' id='par_1_13' title="bbox 142 2842 1015 3050">
     <span class='ocr_line' id='line_1_22' title="bbox 142 2842 1015 2940; baseline 0.007 -32"><span class='ocrx_word' id='word_1_112' title='bbox 142 2847 219 2912; x_wconf 84' lang='lat' dir='ltr'><strong>Cum</strong></span> <span class='ocrx_word' id='word_1_113' title='bbox 232 2869 303 2940; x_wconf 92' lang='lat' dir='ltr'><strong>quo</strong></span> <span class='ocrx_word' id='word_1_114' title='bbox 314 2842 473 2937; x_wconf 84' lang='lat' dir='ltr'><strong>Rhipaeos</strong></span> <span class='ocrx_word' id='word_1_115' title='bbox 486 2847 614 2937; x_wconf 89' lang='lat' dir='ltr'><strong>possim</strong></span> <span class='ocrx_word' id='word_1_116' title='bbox 626 2845 855 2918; x_wconf 86' lang='lat' dir='ltr'><strong>conscendere</strong></span> <span class='ocrx_word' id='word_1_117' title='bbox 867 2864 1015 2930; x_wconf 88' lang='lat' dir='ltr'><strong>montes,</strong></span> 
     </span>
     <span class='ocr_line' id='line_1_23' title="bbox 184 2955 915 3050; baseline 0.003 -28"><span class='ocrx_word' id='word_1_118' title='bbox 184 2955 402 3050; x_wconf 84' lang='lat' dir='ltr'><strong>Ulteriusqne</strong></span> <span class='ocrx_word' id='word_1_119' title='bbox 414 2955 534 3024; x_wconf 88' lang='lat' dir='ltr'><strong>domos</strong></span> <span class='ocrx_word' id='word_1_120' title='bbox 547 2955 670 3026; x_wconf 79' lang='lat' dir='ltr'><strong>vadere</strong></span> <span class='ocrx_word' id='word_1_121' title='bbox 682 2960 896 3026; x_wconf 83' lang='lat' dir='ltr'><strong>Memnonias</strong></span> <span class='ocrx_word' id='word_1_122' title='bbox 909 2985 915 3024; x_wconf 94' lang='lat'><strong>:</strong></span> 
     </span>
    </p>

    <p class='ocr_par' dir='ltr' id='par_1_14' title="bbox 141 3064 1145 3160">
     <span class='ocr_line' id='line_1_24' title="bbox 141 3064 1145 3160; baseline -0.002 -26"><span class='ocrx_word' id='word_1_123' title='bbox 141 3064 959 3160; x_wconf 80' lang='lat' dir='ltr'><strong>Sedmecomplexaeremoranturverbnpnellae,</strong></span> <span class='ocrx_word' id='word_1_124' title='bbox 1129 3081 1145 3132; x_wconf 84' lang='lat'>5</span> 
     </span>
    </p>
   </div>
   <div class='ocr_carea' id='block_1_13' title="bbox 105 3267 1145 4214">
    <p class='ocr_par' dir='ltr' id='par_1_15' title="bbox 105 3267 1145 3974">
     <span class='ocr_line' id='line_1_25' title="bbox 134 3267 1145 3344; baseline 0.002 -24"><span class='ocrx_word' id='word_1_125' title='bbox 134 3283 154 3320; x_wconf 88' lang='lat' dir='ltr'><strong>r.</strong></span> <span class='ocrx_word' id='word_1_126' title='bbox 173 3272 283 3328; x_wconf 74' lang='lat' dir='ltr'><strong>Nascere</strong></span> <span class='ocrx_word' id='word_1_127' title='bbox 288 3309 298 3338; x_wconf 92' lang='lat'><em>,</em></span> <span class='ocrx_word' id='word_1_128' title='bbox 320 3282 440 3338; x_wconf 72' lang='lat' dir='ltr'><strong>tentare,</strong></span> <span class='ocrx_word' id='word_1_129' title='bbox 461 3271 594 3344; x_wconf 69' lang='lat' dir='ltr'><strong>experiri,</strong></span> <span class='ocrx_word' id='word_1_130' title='bbox 640 3270 706 3324; x_wconf 86' lang='lat' dir='ltr'><strong>filio.</strong></span> <span class='ocrx_word' id='word_1_131' title='bbox 716 3269 790 3323; x_wconf 84' lang='lat' dir='ltr'><strong>Nihil</strong></span> <span class='ocrx_word' id='word_1_132' title='bbox 802 3269 876 3342; x_wconf 78' lang='lat' dir='ltr'><strong>apud</strong></span> <span class='ocrx_word' id='word_1_133' title='bbox 888 3281 1011 3322; x_wconf 80' lang='lat' dir='ltr'><strong>auctores</strong></span> <span class='ocrx_word' id='word_1_134' title='bbox 1022 3267 1145 3340; x_wconf 77' lang='lat' dir='ltr'><strong>frequen·</strong></span> 
     </span>
     <span class='ocr_line' id='line_1_26' title="bbox 106 3348 1145 3425; baseline -0.002 -23"><span class='ocrx_word' id='word_1_135' title='bbox 106 3348 182 3402; x_wconf 71' lang='lat' dir='ltr'><strong>odem</strong></span> <span class='ocrx_word' id='word_1_136' title='bbox 195 3370 277 3405; x_wconf 78' lang='lat' dir='ltr'><strong>sensu</strong></span> <span class='ocrx_word' id='word_1_137' title='bbox 291 3352 428 3423; x_wconf 80' lang='lat' dir='ltr'><strong>potitum,</strong></span> <span class='ocrx_word' id='word_1_138' title='bbox 442 3369 496 3425; x_wconf 85' lang='lat' dir='ltr'><strong>quo</strong></span> <span class='ocrx_word' id='word_1_139' title='bbox 509 3351 594 3404; x_wconf 79' lang='lat' dir='ltr'><strong>videre</strong></span> <span class='ocrx_word' id='word_1_140' title='bbox 640 3351 708 3417; x_wconf 86' lang='lat' dir='ltr'><strong>tius,</strong></span> <span class='ocrx_word' id='word_1_141' title='bbox 721 3368 801 3421; x_wconf 81' lang='lat' dir='ltr'><strong>quam</strong></span> <span class='ocrx_word' id='word_1_142' title='bbox 814 3349 976 3403; x_wconf 74' lang='lat' dir='ltr'><strong>vocabulum</strong></span> <span class='ocrx_word' id='word_1_143' title='bbox 990 3348 1079 3402; x_wconf 72' lang='lat' dir='ltr'><strong>domm</strong></span> <span class='ocrx_word' id='word_1_144' title='bbox 1094 3369 1145 3421; x_wconf 90' lang='lat' dir='ltr'><strong>pro</strong></span> 
     </span>
     <span class='ocr_line' id='line_1_27' title="bbox 106 3425 1145 3504; baseline -0.004 -22"><span class='ocrx_word' id='word_1_145' title='bbox 106 3425 158 3499; x_wconf 61' lang='lat' dir='ltr'><strong>clep</strong></span> <span class='ocrx_word' id='word_1_146' title='bbox 173 3448 200 3497; x_wconf 87' lang='lat' dir='ltr'><strong>r,</strong></span> <span class='ocrx_word' id='word_1_147' title='bbox 218 3449 304 3484; x_wconf 65' lang='lat' dir='ltr'><strong>rm—</strong></span> <span class='ocrx_word' id='word_1_148' title='bbox 314 3428 408 3494; x_wconf 77' lang='lat' dir='ltr'><strong>Tullo,·</strong></span> <span class='ocrx_word' id='word_1_149' title='bbox 423 3429 456 3482; x_wconf 91' lang='lat' dir='ltr'><strong>de</strong></span> <span class='ocrx_word' id='word_1_150' title='bbox 466 3427 595 3504; x_wconf 74' lang='lat' dir='ltr'><strong>quotide</strong></span> <span class='ocrx_word' id='word_1_151' title='bbox 639 3430 749 3500; x_wconf 67' lang='lat' dir='ltr'><strong>regione</strong></span> <span class='ocrx_word' id='word_1_152' title='bbox 769 3429 887 3500; x_wconf 85' lang='lat' dir='ltr'><strong>positum</strong></span> <span class='ocrx_word' id='word_1_153' title='bbox 907 3427 985 3500; x_wconf 83' lang='lat' dir='ltr'><strong>(vide</strong></span> <span class='ocrx_word' id='word_1_154' title='bbox 1003 3425 1085 3478; x_wconf 81' lang='lat' dir='ltr'><strong>modo</strong></span> <span class='ocrx_word' id='word_1_155' title='bbox 1106 3429 1145 3496; x_wconf 82' lang='lat'><strong>11,</strong></span> 
     </span>
     <span class='ocr_line' id='line_1_28' title="bbox 106 3504 1144 3580; baseline 0.001 -22"><span class='ocrx_word' id='word_1_156' title='bbox 106 3505 216 3578; x_wconf 63' lang='lat' dir='ltr'><strong>hopertii</strong></span> <span class='ocrx_word' id='word_1_157' title='bbox 228 3513 319 3562; x_wconf 77' lang='lat' dir='ltr'><strong>Vitam</strong></span> <span class='ocrx_word' id='word_1_158' title='bbox 332 3508 461 3562; x_wconf 87' lang='lat' dir='ltr'><strong>Chronol.</strong></span> <span class='ocrx_word' id='word_1_159' title='bbox 477 3509 511 3562; x_wconf 82' lang='lat' dir='ltr'><strong>ad</strong></span> <span class='ocrx_word' id='word_1_160' title='bbox 532 3527 593 3562; x_wconf 78' lang='lat' dir='ltr'><strong>ann.</strong></span> <span class='ocrx_word' id='word_1_161' title='bbox 643 3522 691 3574; x_wconf 88' lang='lat'><strong>10,</strong></span> <span class='ocrx_word' id='word_1_162' title='bbox 709 3504 769 3579; x_wconf 79' lang='grc' dir='ltr'><strong>ιδ).</strong></span> <span class='ocrx_word' id='word_1_163' title='bbox 784 3507 826 3560; x_wconf 88' lang='lat' dir='ltr'><strong>Sic</strong></span> <span class='ocrx_word' id='word_1_164' title='bbox 841 3507 927 3580; x_wconf 78' lang='lat' dir='ltr'><strong>Trojoe</strong></span> <span class='ocrx_word' id='word_1_165' title='bbox 945 3517 1011 3560; x_wconf 85' lang='lat' dir='ltr'><strong>tecta</strong></span> <span class='ocrx_word' id='word_1_166' title='bbox 1030 3519 1092 3559; x_wconf 87' lang='lat' dir='ltr'><strong>sunt</strong></span> <span class='ocrx_word' id='word_1_167' title='bbox 1105 3509 1144 3574; x_wconf 87' lang='lat'><strong>11,</strong></span> 
     </span>
     <span class='ocr_line' id='line_1_29' title="bbox 106 3585 1145 3660; baseline -0.003 -19"><span class='ocrx_word' id='word_1_168' title='bbox 106 3585 204 3652; x_wconf 53' lang='grc'><strong>714-</strong></span> <span class='ocrx_word' id='word_1_169' title='bbox 220 3585 288 3642; x_wconf 78' lang='lat' dir='ltr'><strong>Vela</strong></span> <span class='ocrx_word' id='word_1_170' title='bbox 314 3588 426 3654; x_wconf 75' lang='lat' dir='ltr'><strong>ducere,</strong></span> <span class='ocrx_word' id='word_1_171' title='bbox 449 3589 594 3658; x_wconf 75' lang='lat' dir='ltr'><strong>navigare,</strong></span> <span class='ocrx_word' id='word_1_172' title='bbox 639 3587 688 3654; x_wconf 85' lang='lat'><strong>30,</strong></span> <span class='ocrx_word' id='word_1_173' title='bbox 703 3587 747 3641; x_wconf 85' lang='lat'><strong>30.</strong></span> <span class='ocrx_word' id='word_1_174' title='bbox 757 3589 927 3660; x_wconf 78' lang='lat' dir='ltr'><strong>Quemquam</strong></span> <span class='ocrx_word' id='word_1_175' title='bbox 940 3589 1037 3660; x_wconf 82' lang='lat' dir='ltr'><strong>respici</strong></span> <span class='ocrx_word' id='word_1_176' title='bbox 1052 3587 1145 3640; x_wconf 84' lang='lat' dir='ltr'><strong>volunt</strong></span> 
     </span>
     <span class='ocr_line' id='line_1_30' title="bbox 105 3661 1145 3740; baseline 0.003 -23"><span class='ocrx_word' id='word_1_177' title='bbox 105 3661 179 3734; x_wconf 66' lang='lat' dir='ltr'><strong>lyco</strong></span> <span class='ocrx_word' id='word_1_178' title='bbox 195 3665 271 3731; x_wconf 80' lang='lat' dir='ltr'><strong>scio,</strong></span> <span class='ocrx_word' id='word_1_179' title='bbox 294 3663 330 3718; x_wconf 78' lang='lat' dir='ltr'><strong>ad</strong></span> <span class='ocrx_word' id='word_1_180' title='bbox 354 3665 470 3737; x_wconf 72' lang='lat' dir='ltr'><strong>Eguum</strong></span> <span class='ocrx_word' id='word_1_181' title='bbox 488 3665 594 3732; x_wconf 82' lang='lat' dir='ltr'><strong>salum,</strong></span> <span class='ocrx_word' id='word_1_182' title='bbox 639 3665 683 3720; x_wconf 87' lang='lat' dir='ltr'><strong>hic</strong></span> <span class='ocrx_word' id='word_1_183' title='bbox 697 3668 854 3740; x_wconf 84' lang='lat' dir='ltr'><strong>interpretes</strong></span> <span class='ocrx_word' id='word_1_184' title='bbox 873 3667 907 3720; x_wconf 84' lang='lat' dir='ltr'><strong>sd</strong></span> <span class='ocrx_word' id='word_1_185' title='bbox 919 3669 1003 3738; x_wconf 78' lang='lat' dir='ltr'><strong>ipsam</strong></span> <span class='ocrx_word' id='word_1_186' title='bbox 1021 3667 1145 3720; x_wconf 86' lang='lat' dir='ltr'><strong>Memno-</strong></span> 
     </span>
     <span class='ocr_line' id='line_1_31' title="bbox 106 3745 1143 3818; baseline 0.003 -22"><span class='ocrx_word' id='word_1_187' title='bbox 106 3745 223 3811; x_wconf 57' lang='lat' dir='ltr'><strong>mnodo</strong></span> <span class='ocrx_word' id='word_1_188' title='bbox 234 3745 394 3798; x_wconf 70' lang='lat' dir='ltr'><strong>deducerent</strong></span> <span class='ocrx_word' id='word_1_189' title='bbox 403 3757 507 3818; x_wconf 83' lang='lat' dir='ltr'><strong>portare</strong></span> <span class='ocrx_word' id='word_1_190' title='bbox 517 3758 544 3797; x_wconf 86' lang='lat' dir='ltr'><strong>et</strong></span> <span class='ocrx_word' id='word_1_191' title='bbox 554 3765 593 3798; x_wconf 87' lang='lat' dir='ltr'><strong>ve·</strong></span> <span class='ocrx_word' id='word_1_192' title='bbox 639 3748 681 3798; x_wconf 85' lang='lat' dir='ltr'><strong>nis</strong></span> <span class='ocrx_word' id='word_1_193' title='bbox 709 3747 834 3818; x_wconf 67' lang='lat' dir='ltr'><strong>regiam,</strong></span> <span class='ocrx_word' id='word_1_194' title='bbox 860 3760 1033 3798; x_wconf 81' lang='lat' dir='ltr'><strong>memoratam</strong></span> <span class='ocrx_word' id='word_1_195' title='bbox 1052 3749 1143 3800; x_wconf 85' lang='lat' dir='ltr'><strong>Curtio</strong></span> 
     </span>
     <span class='ocr_line' id='line_1_32' title="bbox 106 3821 1144 3894; baseline -0.002 -15"><span class='ocrx_word' id='word_1_196' title='bbox 106 3821 194 3879; x_wconf 66' lang='lat' dir='ltr'><strong>licum</strong></span> <span class='ocrx_word' id='word_1_197' title='bbox 213 3829 290 3881; x_wconf 83' lang='lat' dir='ltr'><strong>tertio</strong></span> <span class='ocrx_word' id='word_1_198' title='bbox 306 3841 538 3880; x_wconf 78' lang='lat' dir='ltr'><strong>casuconstructa</strong></span> <span class='ocrx_word' id='word_1_199' title='bbox 555 3827 592 3879; x_wconf 85' lang='lat' dir='ltr'><strong>vi·</strong></span> <span class='ocrx_word' id='word_1_200' title='bbox 637 3825 691 3894; x_wconf 79' lang='lat' dir='ltr'><strong>IV,</strong></span> <span class='ocrx_word' id='word_1_201' title='bbox 706 3825 742 3892; x_wconf 84' lang='lat'><strong>8,</strong></span> <span class='ocrx_word' id='word_1_202' title='bbox 760 3827 786 3880; x_wconf 83' lang='lat'><strong>3.</strong></span> <span class='ocrx_word' id='word_1_203' title='bbox 813 3855 846 3866; x_wconf 91' lang='lat'>-</span> <span class='ocrx_word' id='word_1_204' title='bbox 865 3827 985 3893; x_wconf 67' lang='lat' dir='ltr'><strong>Vadam,</strong></span> <span class='ocrx_word' id='word_1_205' title='bbox 1004 3829 1062 3894; x_wconf 83' lang='lat' dir='ltr'><strong>ire,</strong></span> <span class='ocrx_word' id='word_1_206' title='bbox 1083 3843 1144 3880; x_wconf 87' lang='lat' dir='ltr'><strong>cnm</strong></span> 
     </span>
     <span class='ocr_line' id='line_1_33' title="bbox 106 3897 1142 3974; baseline 0.002 -18"><span class='ocrx_word' id='word_1_207' title='bbox 106 3897 592 3974; x_wconf 69' lang='lat' dir='ltr'><strong>dehnme‚innor.a«11v‚u‚1oa.</strong></span> <span class='ocrx_word' id='word_1_208' title='bbox 639 3903 755 3959; x_wconf 77' lang='lat' dir='ltr'><strong>audaciai</strong></span> <span class='ocrx_word' id='word_1_209' title='bbox 784 3924 871 3958; x_wconf 83' lang='lat' dir='ltr'><strong>sensu.</strong></span> <span class='ocrx_word' id='word_1_210' title='bbox 898 3936 934 3948; x_wconf 90' lang='lat'><em>-</em></span> <span class='ocrx_word' id='word_1_211' title='bbox 956 3905 1034 3959; x_wconf 84' lang='lat' dir='ltr'><strong>Coni.</strong></span> <span class='ocrx_word' id='word_1_212' title='bbox 1065 3905 1142 3958; x_wconf 85' lang='lat' dir='ltr'><strong>Ovid.</strong></span> 
     </span>
    </p>

    <p class='ocr_par' dir='ltr' id='par_1_16' title="bbox 107 3983 1144 4214">
     <span class='ocr_line' id='line_1_34' title="bbox 134 3983 1144 4058; baseline 0.002 -24"><span class='ocrx_word' id='word_1_213' title='bbox 134 3983 155 4034; x_wconf 86' lang='lat'><strong>3.</strong></span> <span class='ocrx_word' id='word_1_214' title='bbox 171 3985 270 4058; x_wconf 79' lang='lat' dir='ltr'><strong>lilipoei</strong></span> <span class='ocrx_word' id='word_1_215' title='bbox 288 3997 407 4050; x_wconf 77' lang='lat' dir='ltr'><strong>montes,</strong></span> <span class='ocrx_word' id='word_1_216' title='bbox 426 3984 546 4058; x_wconf 73' lang='lat' dir='ltr'><strong>Seyrhiae.</strong></span> <span class='ocrx_word' id='word_1_217' title='bbox 559 4015 594 4025; x_wconf 92' lang='lat'>-</span> <span class='ocrx_word' id='word_1_218' title='bbox 639 3985 743 4036; x_wconf 77' lang='lat' dir='ltr'><strong>Amorr.</strong></span> <span class='ocrx_word' id='word_1_219' title='bbox 763 3985 802 4052; x_wconf 94' lang='lat' dir='ltr'><strong>ll,</strong></span> <span class='ocrx_word' id='word_1_220' title='bbox 824 3983 873 4048; x_wconf 82' lang='lat'><strong>16,</strong></span> <span class='ocrx_word' id='word_1_221' title='bbox 896 4001 926 4036; x_wconf 66' lang='grc' dir='ltr'><strong>αι</strong></span> <span class='ocrx_word' id='word_1_222' title='bbox 951 4003 1027 4057; x_wconf 58' lang='lat' dir='ltr'><strong>sqq„</strong></span> <span class='ocrx_word' id='word_1_223' title='bbox 1048 3983 1095 4036; x_wconf 90' lang='lat' dir='ltr'><strong>ubi</strong></span> <span class='ocrx_word' id='word_1_224' title='bbox 1115 4002 1144 4036; x_wconf 81' lang='lat' dir='ltr'><strong>se</strong></span> 
     </span>
     <span class='ocr_line' id='line_1_35' title="bbox 107 4057 1143 4135; baseline -0.002 -19"><span class='ocrx_word' id='word_1_225' title='bbox 107 4057 247 4116; x_wconf 62' lang='lat' dir='ltr'><strong>Memnoniis</strong></span> <span class='ocrx_word' id='word_1_226' title='bbox 266 4065 380 4128; x_wconf 83' lang='lat' dir='ltr'><strong>domus,</strong></span> <span class='ocrx_word' id='word_1_227' title='bbox 409 4063 560 4135; x_wconf 81' lang='lat' dir='ltr'><strong>AEthiopin,</strong></span> <span class='ocrx_word' id='word_1_228' title='bbox 579 4082 593 4116; x_wconf 81' lang='lat' dir='ltr'>a</span> <span class='ocrx_word' id='word_1_229' title='bbox 639 4063 735 4135; x_wconf 77' lang='lat' dir='ltr'><strong>quevis</strong></span> <span class='ocrx_word' id='word_1_230' title='bbox 755 4061 827 4114; x_wconf 83' lang='lat' dir='ltr'><strong>adire</strong></span> <span class='ocrx_word' id='word_1_231' title='bbox 843 4061 904 4114; x_wconf 79' lang='lat' dir='ltr'><strong>loce</strong></span> <span class='ocrx_word' id='word_1_232' title='bbox 918 4081 996 4134; x_wconf 85' lang='lat' dir='ltr'><strong>posse</strong></span> <span class='ocrx_word' id='word_1_233' title='bbox 1015 4075 1143 4128; x_wconf 80' lang='lat' dir='ltr'><strong>testatur,</strong></span> 
     </span>
     <span class='ocr_line' id='line_1_36' title="bbox 108 4139 1142 4214; baseline -0.005 -18"><span class='ocrx_word' id='word_1_234' title='bbox 108 4153 157 4207; x_wconf 65' lang='grc' dir='ltr'><strong>ἐμ</strong></span> <span class='ocrx_word' id='word_1_235' title='bbox 166 4141 317 4210; x_wconf 71' lang='lat' dir='ltr'><strong>Memnone,</strong></span> <span class='ocrx_word' id='word_1_236' title='bbox 327 4141 439 4197; x_wconf 84' lang='lat' dir='ltr'><strong>Tithoni</strong></span> <span class='ocrx_word' id='word_1_237' title='bbox 450 4156 476 4196; x_wconf 86' lang='lat' dir='ltr'><strong>et</strong></span> <span class='ocrx_word' id='word_1_238' title='bbox 486 4145 595 4198; x_wconf 65' lang='lat' dir='ltr'><strong>Aurora</strong></span> <span class='ocrx_word' id='word_1_239' title='bbox 639 4144 661 4196; x_wconf 82' lang='lat' dir='ltr'><strong>si</strong></span> <span class='ocrx_word' id='word_1_240' title='bbox 677 4143 803 4195; x_wconf 86' lang='lat' dir='ltr'><strong>comitem</strong></span> <span class='ocrx_word' id='word_1_241' title='bbox 816 4141 914 4196; x_wconf 77' lang='lat' dir='ltr'><strong>habent</strong></span> <span class='ocrx_word' id='word_1_242' title='bbox 927 4139 1042 4214; x_wconf 81' lang='lat' dir='ltr'><strong>puellam</strong></span> <span class='ocrx_word' id='word_1_243' title='bbox 1057 4159 1142 4196; x_wconf 79' lang='lat' dir='ltr'><strong>suam.</strong></span> 
     </span>
    </p>
   </div>
   <div class='ocr_carea' id='block_1_14' title="bbox 0 0 1474 4974">
    <p class='ocr_par' dir='ltr' id='par_1_17' title="bbox 0 0 1474 4974">
     <span class='ocr_line' id='line_1_37' title="bbox 0 0 1474 4974; baseline 0 0"><span class='ocrx_word' id='word_1_244' title='bbox 0 0 1474 4974; x_wconf 95' lang='lat' dir='ltr'><strong> </strong></span> 
     </span>
    </p>
   </div>
  </div>
 </body>
</html>
