2826 4978
409 461 608 526 GARMEN
632 463 715 527 vll.
1022 407 1105 551 517x

137 583 604 680 Geloegoperlidiaecrimius
615 588 813 658 multatuae.
849 669 855 681 ι
1057 620 1092 673 7⁰

98 698 154 769 Sed
165 699 221 768 tibi
231 721 323 768 nunc
335 698 495 768 mandatu
507 699 644 783 murus,
658 704 687 768 si
698 700 786 768 forte
796 703 959 786 moveris,

137 813 293 881 Sitenon
305 827 415 878 toturn
426 809 570 880 Doridos
581 809 689 880 herba
698 825 801 880 tenet.
843 837 844 844 ¹
919 813 922 823 '

98 922 207 987 Nutrix
218 923 254 987 in
265 917 418 987 tremulis
431 942 475 986 ne
487 918 570 1014 quid
582 918 751 988 desideret
760 921 859 988 annis

138 1027 309 1098 Parthenio
322 1055 329 1096 :
343 1031 466 1122 pontit,
478 1051 542 1097 nec
553 1027 613 1097 tibi
624 1053 725 1098 avara
736 1027 809 1096 fuit.
828 1045 831 1052 '

98 1139 387 1237 Deliciaequemeoe
399 1142 523 1224 lanis,
536 1141 940 1224 cuinomenabusuest‚
1060 1153 1093 1222 7⁵

139 1259 185 1322 lle
195 1253 373 1348 speculum
384 1252 533 1323 dominae
544 1255 696 1347 porriget
705 1253 765 1322 illa
776 1277 884 1324 uovae.

98 1369 135 1432 Et
144 1389 377 1460 quoscumque
388 1387 466 1436 meo
478 1363 584 1434 fecisti
597 1367 735 1434 nomino
746 1389 881 1448 versus,

139 1478 203 1544 Ure
214 1474 299 1544 mihi
311 1501 318 1542 :
332 1473 452 1544 laudes
463 1473 581 1544 desine
593 1473 718 1544 habero
730 1497 832 1544 mess.

98 1584 180 1654 Pelle
190 1585 352 1656 hederam
364 1585 513 1668 tumulo,
527 1585 612 1654 mibi
622 1609 698 1680 quae
709 1601 883 1678 pugnante
895 1581 1059 1677 corymbo

138 1696 251 1768 Mollia
262 1700 424 1768 contortis
436 1695 562 1790 adligat
574 1720 652 1766 osso
663 1698 780 1766 comis.
1064 1705 1099 1760 so

98 1815 240 1884 Pomosis
254 1814 339 1882 Anio
352 1835 420 1908 qua
432 1809 597 1904 spumifer
608 1808 748 1878 incubet
759 1811 865 1890 urvis,

63 2035 245 2094 tdtTatiue....
259 2038 353 2106 Nube,
368 2040 418 2106 ait,
435 2050 463 2092 ot
477 2040 552 2115 requi
596 2047 697 2090 namus
723 2032 801 2105 (vide
823 2033 913 2100 Vitem
938 2029 1100 2103 chronolog.

61 2115 236 2170 moderabile
247 2120 332 2169 meb-
490 2153 494 2164 ·
595 2142 658 2196 pag.
674 2141 708 2194 29
721 2120 803 2193 init).
824 2117 972 2174 Monobibli
988 2135 1105 2182 nomen,

89 2209 126 2264 7²·
142 2195 252 2250 Doridos
268 2195 364 2262 berla,
378 2211 429 2267 1²10
451 2191 552 2246 vessefi·
598 2201 670 2275 quod
688 2199 801 2254 Codices
816 2197 945 2253 Martialis
959 2195 1103 2269 Propertii·

60 2272 106 2326 ti'u.
124 2274 213 2343 Doris,
235 2287 366 2347 quantum
384 2273 446 2326 licet
464 2275 552 2345 conji·
597 2299 650 2353 que
666 2291 827 2352 agnoscunt,
841 2276 935 2331 iisdem
950 2275 1040 2342 libris,
1059 2275 1103 2348 qui

60 2365 121 2417 otte,
136 2371 233 2406 nomeu
249 2372 336 2426 sege,
355 2371 435 2428 quarn
454 2369 553 2408 constt-
598 2359 759 2432 quasiuuiut
771 2359 854 2410 instar
863 2355 1008 2420 baberent,
1020 2355 1105 2425 impo-

60 2427 212 2492 ltitttomas.
597 2439 676 2494 eitum
693 2438 775 2494 sitisse
795 2455 907 2503 censeo,
923 2447 953 2488 ut
971 2453 1004 2488 eo
1023 2447 1068 2486 aut
1088 2451 1103 2485 a

60 2538 66 2551 ¹
89 2513 125 2582 73.
145 2515 178 2568 tu
201 2513 320 2570 tremulis
336 2514 429 2578 anuis,
449 2516 477 2566 iu
495 2531 553 2568 sera
598 2531 694 2592 quarto
704 2521 850 2592 quintoque
859 2517 949 2589 (tertio
961 2529 986 2568 et
997 2513 1106 2588 quarto)

60 2594 275 2650 tus-Paute
288 2594 343 2646 tilii.
360 2593 473 2658 Patere,
489 2593 554 2646 dare
598 2611 645 2650 aut
662 2615 677 2650 a
696 2599 791 2669 quinto
808 2595 928 2670 (quarto)
949 2593 1037 2660 certe,
1059 2593 1106 2665 qui

60 2667 125 2728 riui
139 2673 249 2730 facilem
264 2689 417 2734 aceessum
433 2673 471 2726 sic
491 2673 553 2725 Ovi·
598 2675 663 2730 nibil
675 2675 709 2728 od
719 2674 861 2750 Gyutbiam
870 2676 1000 2748 pertinet,
1016 2691 1106 2744 segre·

60 2745 107 2804 dius
120 2753 227 2806 Metam.
247 2753 287 2818 X,
308 2751 360 2818 483
375 2774 381 2803 :
397 2753 443 2806 ιΟ
462 2751 483 2804 si
499 2769 554 2824 qua
597 2770 733 2826 gerentur.
747 2755 985 2811 Lachmannus.-
997 2753 1048 2806 Ure
1058 2753 1106 2804 mi·

58 2832 138 2897 potetis
155 2831 274 2884 Numine
296 2827 431 2901 consectis,
451 2829 553 2896 merui,
599 2836 643 2901 lii,
661 2833 836 2887 inhonorem
849 2851 946 2887 meum.
962 2861 996 2874 --
1008 2831 1108 2885 [uites

61 2917 124 2962 eto..
598 2912 648 2968 bas
660 2931 730 2968 meas
747 2913 840 2966 labere
852 2925 941 2965 tecum
957 2909 1109 2982 (retinere)

89 2988 127 3057 75.
135 2989 228 3056 botris,
239 2988 283 3040 oui
294 3005 389 3040 nomen
401 2987 434 3038 ab
445 3005 493 3042 usu
501 2998 554 3048 ert,-
599 2993 694 3046 detine.

61 3051 219 3136 diaspenis,
233 3066 341 3120 servire.
580 3067 582 3089 ¹
636 3085 679 3140 79.
690 3069 835 3135 Hederam,
849 3085 907 3142 quta
915 3077 1052 3144 pugnante
1061 3069 1109 3120 mi·

90 3163 127 3218 77.
140 3149 176 3202 Et
188 3165 368 3221 quaereremque
378 3145 556 3218 vemusetisti
601 3149 630 3204 tt
640 3151 763 3221 corymbo
772 3147 782 3218 (
791 3147 974 3201 obnitentibus
984 3148 1011 3199 iu
1022 3147 1110 3220 tepul-

61 3228 154 3280 tomine
166 3245 244 3294 meo,
258 3243 318 3278 meo
334 3223 383 3278 sub
394 3225 509 3278 nornine-
519 3251 557 3265 -
600 3247 674 3282 orum
687 3228 819 3301 corymbis
827 3229 922 3300 ),.ouu
932 3227 1001 3280 milti
1008 3237 1110 3282 contor-

61 3303 146 3360 utos
157 3307 218 3360 loco
228 3319 385 3378 petet,non
394 3319 465 3358 recte
475 3303 556 3377 vulgo
602 3311 633 3362 tit
652 3308 733 3362 comit
749 3306 851 3380 adlipat
865 3305 945 3377 (ossa
962 3325 1022 3359 mea
1038 3304 1109 3359 ludit

61 3385 163 3452 prinum
188 3398 295 3439 tautum
324 3386 420 3440 librum
448 3385 557 3436 nomine
601 3389 740 3462 implicans
755 3389 870 3442 sinuosis
883 3386 990 3458 rumis).
1004 3385 1109 3437 -He-

62 3462 169 3520 Ωῐιτυιι
192 3465 320 3531 inscribi,
345 3462 417 3538 qaod
441 3477 558 3535 quatuor
602 3469 680 3534 dei-a,
702 3469 789 3540 inquit
811 3465 930 3532 Plinius,
955 3467 1022 3519 Hist.
1045 3467 1107 3518 Nat.
1195 3485 1197 3492 ·

61 3541 120 3612 (tres
134 3549 161 3600 iu
176 3547 229 3601 laec
245 3545 364 3600 editione
383 3547 494 3617 nostra)
512 3555 559 3596 aut
602 3547 679 3613 xvi,
689 3543 739 3614 34,
755 3545 884 3597 einimica
894 3543 983 3596 arbori
992 3545 1109 3615 satisque

62 3638 122 3676 terte
133 3639 184 3682 tres
197 3625 277 3698 (duo)
289 3625 393 3698 priores
409 3623 460 3678 sibi
472 3623 559 3676 viudi-
604 3623 744 3688 omibus,
767 3623 904 3696 sepulcra,
927 3641 1016 3677 muros
1038 3639 1110 3675 nim·

62 3717 122 3762 tant
139 3710 197 3762 Nec
213 3725 277 3760 sane
296 3702 423 3758 Martialis
442 3705 560 3776 primunt
601 3721 680 3778 pent,
692 3715 765 3756 etc.-

62 3782 147 3847 librum
156 3786 390 3861 signifieateolum,
398 3787 481 3856 epigr.
488 3785 559 3850 XIV,
641 3783 684 3836 81.
697 3783 768 3834 Anio
785 3779 927 3853 spumifi’m
949 3797 1027 3852 quem
1043 3777 1110 3830 ridi·

66 3866 109 3940 189
126 3889 132 3920 2
154 3891 165 3918 ι
179 3867 310 3940 Cynthia,
328 3865 437 3918 iocundi
455 3881 559 3918 cannen
605 3877 664 3913 tuus
673 3858 812 3912 cadentem
824 3857 857 3911 de
868 3857 985 3930 scopulis
997 3859 1023 3909 in
1035 3856 1109 3912 lacus

57 3946 166 4015 juvenile
175 3946 314 4020 Properti,
327 3945 438 4016 Accepit
447 3943 560 4007 lamam,
605 3943 654 4006 lll,
674 3939 719 4004 16,
733 3941 759 4006 4.
772 3938 814 3992 Cf.
828 3937 906 3990 Ovid.
919 3939 1004 3990 Arum.
1018 3939 1066 4004 111,
1080 3939 1112 4006 6,

64 4041 106 4076 flet
117 4029 203 4086 minut
213 4030 271 4100 ipsa
282 4025 363 4078 dedit.
374 4049 385 4072 ι
398 4026 474 4078 Certe
483 4027 561 4094 juve-
606 4019 825 4087 46.-Inrubare
840 4018 873 4070 de
889 4016 985 4085 lluvio,
999 4016 1039 4070 vel
1052 4021 1112 4091 quin

66 4105 208 4160 neminisse
220 4105 401 4176 Propertium,
414 4121 495 4174 quum
507 4119 561 4152 uto·
608 4097 768 4165 extenditur,
787 4099 827 4151 rol
849 4098 913 4170 qula
930 4097 1000 4150 eadit
1020 4099 1048 4150 in
1072 4097 1113 4149 lu-

65 4195 172 4250 tuetur,
198 4186 225 4236 in
254 4183 409 4256 prelatione
435 4179 560 4233 demons-
610 4195 667 4246 cus,
683 4197 741 4251 sup.
755 4177 773 4230 l.
789 4198 811 4230 c.
826 4178 980 4231 -Pomosu
992 4196 1054 4230 arva
1066 4177 1112 4229 Ti-
