2810 4978
320 425 386 506 324
619 418 881 484 rnornnrrr
906 417 994 484 cru.
1021 418 1068 482 ιι.

411 552 545 628 Anseris
557 546 692 617 indocto
704 549 852 615 carmine
864 547 965 614 cessit
976 543 1059 613 olor.

363 670 444 732 Haec
458 685 594 757 quoque
606 659 755 753 perfecto
766 654 904 726 ludebat
915 663 1034 727 Iasone
1044 659 1170 739 Varro,
1322 667 1348 721 ts

410 780 517 841 Varro
528 769 704 839 Leucadiae
714 768 1101 837 maximailnmmnsuae.
1148 799 1153 808 ·

363 890 443 954 Htcc
456 907 592 978 quoque
603 881 719 950 lascivi
731 895 912 948 cantarunt
925 881 1050 971 scripta
1060 874 1200 960 Catulli,

409 994 529 1062 Lesbia
540 995 616 1087 quis
627 994 701 1084 ipsa
712 992 824 1059 notior
836 1005 888 1057 est
899 989 1037 1057 Helena.
1169 1011 1179 1040 ·

363 1109 444 1172 Haec
455 1104 556 1169 etiam
568 1099 657 1167 docti
669 1098 823 1167 confesse
835 1113 889 1166 cst
899 1099 1022 1190 pagina
1032 1093 1142 1178 Calvi,

410 1219 524 1300 Quum
536 1213 815 1280 caneretmiserae
826 1209 946 1276 funcra
956 1206 1138 1294 Quintiliae.
1323 1235 1351 1287 9⁰

361 1331 404 1394 Et
414 1323 517 1392 modo
528 1324 675 1390 formosa
686 1345 790 1416 quam
802 1319 910 1388 multa
921 1316 1085 1412 Lycoride
1096 1315 1215 1386 Gallus

409 1439 566 1501 Mortuus
577 1431 709 1498 inferna
721 1429 863 1498 vulnera
874 1428 956 1496 lavit
966 1435 1071 1522 aquo!

315 1655 351 1707 ria
368 1653 478 1708 indocto
494 1655 612 1708 carmine
628 1654 708 1706 cessit
726 1651 816 1704 otor..
867 1653 915 1704 uls
930 1669 1054 1722 quoqne,
1072 1649 1214 1704 Phasiacae
1231 1651 1297 1721 Argo
1314 1649 1351 1721 qui

314 1735 481 1790 Alienissime
509 1747 589 1802 sunt,
609 1748 640 1786 ut
663 1751 724 1784 rere
744 1745 821 1785 notat
865 1730 939 1783 duxit
952 1733 979 1782 in
992 1729 1095 1796 undas,
1109 1731 1172 1783 Non
1186 1732 1351 1804 potuitVene·

316 1811 518 1878 helimanni,
547 1829 606 1882 que
629 1809 673 1862 hic
697 1809 821 1863 adferunt
865 1812 900 1862 ris
912 1811 982 1862 furta
996 1823 1082 1862 tacere
1094 1828 1179 1862 sne.»

315 1891 487 1962 interpretes,
506 1887 723 1958 nihilindignnrn
740 1890 821 1958 maje-
901 1889 944 1958 87.
971 1890 1035 1942 Hoec
1059 1907 1163 1962 quoque
1185 1888 1290 1956 lascivi,
1310 1902 1351 1940 ete.

316 1981 383 2021 state
396 1971 437 2021 sui
452 1969 577 2020 carminis
596 1980 641 2018 aut
659 1985 688 2018 se
704 1968 763 2036 ipso
781 1967 821 2017 fe·
865 1967 989 2035 Ovidius,
999 1968 1060 2020 loco
1070 1970 1165 2036 citato,
1175 1988 1214 2021 rs.
1224 1969 1288 2040 4²7²
1300 1967 1352 2019 effic

317 2049 383 2100 cisse
405 2047 560 2117 Virgilium,
580 2063 661 2116 quum
685 2044 821 2098 lacessitus
865 2065 914 2099 sua
931 2047 1030 2100 lascivo
1050 2060 1159 2100 cantate
1177 2061 1217 2100 est
1234 2066 1298 2120 sepe
1312 2047 1353 2099 cr·

318 2127 352 2180 ab
364 2126 458 2182 aemulo
470 2127 570 2178 Ansere
585 2143 640 2176 non
654 2123 822 2196 responderit
866 2125 933 2178 tullo
951 2127 1077 2190 Femina,
1095 2128 1140 2179 cui
1160 2126 1256 2180 falsum
1273 2125 1352 2179 lesbia

314 2205 367 2277 (de
387 2225 441 2278 quo
457 2219 538 2277 poeta
546 2242 555 2270 ,
572 2204 672 2274 Virgilii
688 2203 822 2255 obtrecta-
866 2223 964 2257 nomen
979 2219 1044 2257 erat.
1053 2229 1066 2253 ι
1078 2207 1205 2276 -Quis,
1217 2225 1265 2278 pro
1278 2206 1353 2277 queis,

316 2297 391 2352 tore,
409 2283 470 2337 vide
484 2283 584 2336 Harles.
599 2283 633 2334 ad
644 2282 732 2336 Ovidii
741 2283 820 2335 Trist.
866 2285 980 2356 quibus,
995 2295 1025 2336 ut
1035 2285 1060 2353 l,
1074 2285 1107 2350 8,
1123 2285 1174 2351 4η
1190 2287 1217 2351 Ι,
1233 2284 1325 2352 15,41.

317 2365 356 2430 ll,
371 2363 450 2435 435).
463 2361 546 2415 Nihili
560 2363 628 2415 foret
642 2363 713 2412 enirn
727 2361 761 2413 ed
774 2359 823 2412 hu·
902 2365 946 2433 89.
965 2363 1029 2416 Hoee
1044 2363 1123 2416 etiam
1137 2363 1209 2417 docti
1213 2402 1222 2430 ,
1240 2377 1288 2416 etr„
1302 2362 1354 2415 Ori·

315 2447 359 2514 jus
377 2442 430 2495 loci
448 2443 577 2495 rationem
591 2441 637 2492 illa
651 2457 822 2512 quecumque
867 2441 940 2509 dius,
953 2459 989 2494 vs.
1004 2440 1052 2507 431
1066 2461 1072 2493 ε
1087 2443 1159 2494 tPar
1172 2443 1225 2494 fuit·
1235 2442 1314 2514 exipu
1326 2441 1354 2493 ti·

318 2525 501 2597 magnipoetae
510 2520 668 2587 moderatio,
676 2539 757 2592 quern
767 2539 822 2572 non
867 2521 988 2594 miliaque
1011 2521 1118 2575 licentia
1145 2521 1237 2591 Calvi,
1266 2521 1354 2575 Detexit

316 2601 437 2655 vindicte
460 2602 580 2654 nescium
601 2600 693 2652 laudat
714 2602 824 2673 Proper·
867 2603 947 2654 variis
968 2603 1014 2673 qrii
1033 2619 1081 2654 sna
1101 2602 1174 2654 furta
1193 2602 1304 2656 modia·
1322 2601 1354 2651 11⁸

317 2684 386 2748 tius,
401 2695 428 2736 at
439 2695 466 2735 et
475 2683 563 2753 ipsum
572 2680 639 2734 levia
648 2679 822 2746 scribentem,
867 2680 948 2733 Calvo
966 2679 1026 2733 vide
1045 2680 1119 2752 quod
1135 2679 1303 2734 indicarimus
1314 2679 1355 2732 ur·

318 2763 455 2835 utriusque
472 2779 586 2832 poeseos
604 2778 701 2831 genere
722 2759 823 2812 clarum
868 2759 925 2812 tulii
933 2778 1038 2812 carmen
1051 2759 1086 2812 ad
1098 2759 1165 2830 eleg.
1178 2762 1226 2828 25,
1238 2762 1305 2830 4·-
1314 2760 1355 2814 rr·

318 2843 399 2914 spice
409 2855 435 2895 et
445 2843 587 2894 amatorius.
602 2839 732 2892 Caeterum
741 2855 823 2893 nette
865 2841 939 2914 qiua.
954 2840 1082 2906 videm,
1096 2839 1144 2907 25,
1162 2857 1203 2912 17.

248 2983 251 2996 Ι
317 2924 406 2976 minor
420 2919 493 2975 dedit
514 2919 647 2991 Scaliger;
667 2919 739 2972 MSS.
763 2918 824 2972 libri
903 2936 947 2989 9¹·
962 2921 999 2973 Et
1013 2919 1092 2972 modo
1102 2919 1241 2990 fomute,
1253 2937 1299 2976 etc.
1312 2922 1355 2972 1·-

317 3015 365 3058 aut
377 3003 426 3056 sim
436 3003 539 3064 micon
554 3000 626 3053 unde
637 3013 709 3052 recte
722 2999 822 3052 lactum
867 3001 953 3072 pressi
975 2996 1035 3050 libri
1052 3019 1058 3048 ι
1081 2999 1136 3050 ulit
1153 2999 1237 3054 modo
1255 3001 1355 3052 formosa

317 3083 346 3134 in
359 3080 714 3156 quibusdamautsiminor.
811 3133 818 3140 ,
868 3077 1002 3152 quimulta
1010 3077 1137 3150 Lycoride
1145 3077 1239 3133 Gallus
1251 3081 1355 3132 nonnas

354 3163 397 3216 ⁸5.
413 3164 497 3217 Varro
504 3183 514 3223 ,·
527 3161 667 3212 Terentius
679 3162 779 3226 Varro,
795 3161 823 3210 in
866 3160 971 3210 inferna
982 3156 1089 3210 vulnera
1105 3154 1173 3210 lavit
1185 3177 1263 3231 aque.
1273 3183 1283 3206 ι
1293 3154 1356 3210 snt

316 3239 404 3293 Gallia
423 3239 593 3293 Narbonensi
613 3250 706 3303 natus,
724 3236 824 3288 dictus-
867 3247 927 3298 cet;
948 3249 979 3287 nt
1001 3254 1033 3287 ex
1058 3235 1233 3290 antecedente
1257 3233 1356 3290 disticho

318 3337 388 3390 que,
411 3331 442 3369 ut
468 3321 536 3370 inter
558 3313 633 3368 illum
658 3327 685 3366 et
711 3313 822 3366 alterum
867 3312 1134 3386 verbasnppleantnr
1144 3315 1356 3368 Hecatam·-

316 3397 465 3448 Varronem
475 3393 609 3446 distinctio
620 3393 702 3458 foret,
713 3391 748 3443 ab
759 3393 822 3444 Ata·
861 3393 946 3464 fessus
965 3405 1010 3446 est.
1031 3394 1093 3445 Non
1112 3393 1202 3462 male,
1226 3395 1273 3448 etsi
1288 3391 1355 3447 rariit

317 3492 349 3528 ce
367 3474 447 3526 fluvio
468 3473 608 3537 Atacineu,
630 3469 694 3522 iulii
714 3471 822 3524 Cetaria
867 3470 953 3523 modis
968 3473 1099 3542 corrigere
1113 3485 1251 3526 tentarunt
1263 3475 1307 3525 riri
1318 3468 1357 3521 do·

317 3573 348 3608 ac
371 3555 551 3606 triumviratus
568 3564 644 3604 atate
665 3552 742 3615 vixit,
759 3553 823 3603 acri-
867 3550 920 3611 cti;
939 3547 984 3601 scd
1004 3547 1146 3602 lectionem
1165 3553 1212 3622 qui
1229 3550 1307 3604 multa
1322 3548 1356 3598 rix

315 3637 421 3707 psitque
435 3653 467 3687 ex
485 3631 627 3705 Apollonio
645 3630 751 3684 Rhodio
769 3635 822 3684 Ar-
866 3627 1022 3699 interpolati
1030 3627 1143 3682 Codices
1150 3643 1293 3701 ¹agnoscunt
1301 3625 1356 3680 dno.

316 3714 467 3784 pontatica.
477 3711 641 3782 -Perfectc
653 3711 762 3776 Iasone,
775 3709 822 3762 ab·
867 3706 960 3760 Creteri
968 3707 1048 3772 boni,
1066 3725 1133 3780 quoa
1149 3727 1211 3762 cum
1227 3707 1358 3762 lachim·

316 3792 404 3845 acluto
416 3791 449 3844 de
458 3791 617 3862 monentis
630 3807 679 3841 sno
690 3789 822 3850 carmine;
867 3807 904 3840 no
922 3790 1075 3860 sequimur:
1092 3791 1146 3842 uEt
1162 3791 1242 3843 modo
1254 3791 1358 3842 formosa

315 3872 368 3924 ltoec
395 3889 500 3943 quoque
522 3867 649 3934 ludebat,
674 3867 765 3920 mollia
794 3879 821 3918 et
866 3885 946 3940 quam
958 3866 1040 3918 multa
1053 3867 1183 3939 Lycoride
1197 3867 1283 3922 Gallos
1296 3867 1358 3918 llor-

314 3948 414 4004 laeoivs
425 3953 483 4019 ipse
497 3948 655 4019 composuit.
670 3947 710 3998 De
721 3947 820 3998 Varro·
865 3957 928 3998 tuus
943 3946 1047 3998 inlema
1057 3945 1170 3998 vulnera
1183 3947 1245 4000 lavit
1257 3947 1355 4018 aquai·

316 4031 359 4082 nis
376 4027 525 4092 amoribus,
540 4028 586 4098 qni
602 4025 759 4078 laeuecdiam
777 4043 821 4077 ce·
865 4024 1003 4096 Scriptura
1019 4037 1091 4078 certa
1103 4025 1177 4092 hec,
1195 4029 1257 4098 quin
1271 4039 1297 4078 et
1311 4040 1358 4075 ma·

315 4107 441 4173 lebavit,
462 4107 571 4159 Ovidius
591 4107 669 4160 Trist.
688 4107 730 4172 11,
749 4104 818 4172 439:
865 4106 904 4173 gia
916 4119 1009 4175 aperta
1019 4103 1157 4176 facilisque
1169 4105 1357 4159 sententias:-
1385 4149 1389 4164 ,
