2808 4974
311 443 373 533 198
605 437 868 503 rnornurn
894 437 982 500 nin.
1010 439 1057 501 tt.

352 573 438 634 Ante
450 565 528 633 ferit
537 565 700 659 quoniam
710 615 718 646 ‚
730 564 796 630 tuti
808 585 910 660 quam
922 563 1094 629 cernimus
1107 561 1255 648 hostem,

398 683 468 746 Nec
480 680 660 772 quisquam
673 699 716 743 ex
727 674 787 742 illo
798 674 939 742 vnlnere
953 697 1057 744 sanus
1068 673 1149 744 abit.

351 795 392 857 ln
405 813 459 858 me
474 787 540 868 tela
551 803 704 870 manent,
717 802 833 853 manet
845 801 878 854 et
889 784 1029 878 puerilis
1041 787 1152 879 imago
1166 812 1174 852 ε

398 899 462 969 Sed
477 914 567 967 certe
581 921 711 992 pennus
723 896 871 991 perdidit
883 897 939 965 ille
952 921 1030 965 sues
1046 923 1055 980 ;

350 1012 470 1082 Evolat
480 1011 569 1079 heu!
585 1027 702 1111 nostro
717 1013 878 1104 quoniam
892 1008 934 1076 de
948 1025 1084 1102 pectore
1098 1032 1288 1105 nusquam,
1325 1023 1351 1074 15

396 1123 635 1217 Adsiduusque
646 1145 723 1190 meo
738 1124 901 1212 sanguine
913 1119 1003 1188 bella
1017 1122 1113 1210 gerit.

258 1245 263 1267 '
350 1235 440 1324 Quid
452 1233 714 1329 tibijucnndum
725 1236 822 1302 siccis
836 1233 987 1300 habitare
999 1231 1185 1302 medullis?

397 1345 554 1439 &pudor
567 1363 637 1429 est,
648 1345 717 1422 ¹nlio
730 1343 847 1438 trajice
859 1342 927 1412 tela
938 1360 1008 1412 tun.

350 1461 496 1524 intactos
509 1458 573 1541 isto
585 1457 690 1528 satius
702 1471 834 1522 tentare
847 1475 996 1523 veneno:

396 1563 1152 1659 Nonego‚sedtennisvapulatumbramea;
1326 1593 1354 1626 20

338 1677 461 1774 ¹Quum
473 1677 501 1742 si
513 1673 717 1768 perdideris,
731 1677 807 1775 quis
820 1679 897 1760 erit,
911 1677 969 1772 qui
981 1671 1061 1741 talia
1073 1688 1201 1758 cantet,

396 1791 478 1854 Haec
489 1810 565 1857 men
576 1791 676 1864 Musa
687 1785 771 1853 levis
786 1785 892 1878 gloria
903 1809 1026 1878 magna
1038 1801 1096 1852 tuo
1108 1801 1176 1870 est,

297 1915 301 1924 ·
350 1899 416 1984 Qui
428 1914 530 1990 caput
542 1913 576 1965 et
588 1894 710 1990 digitos
725 1913 759 1964 et
772 1887 901 1970 lumina
913 1898 1009 1989 nigra
1024 1893 1147 1990 puellae

398 2013 441 2075 Et
454 1993 567 2090 sanat,
580 2024 618 2074 ut
629 2007 760 2076 soleant
770 2006 918 2075 molliter
932 2011 980 2074 ire
992 2006 1121 2100 pedes?

305 2151 414 2205 dumeto
435 2151 555 2223 pendens
576 2151 701 2224 pharetra
718 2154 810 2225 jacet,
856 2167 937 2224 ceput
956 2166 983 2204 et
1000 2150 1097 2222 digitos
1118 2163 1144 2202 et
1163 2147 1267 2202 lumina
1288 2169 1356 2280 mg?

303 2231 430 2303 pharetro
444 2234 494 2284 sita
512 2231 632 2304 pendens
654 2245 709 2294 est;
721 2235 812 2304 jacere
855 2231 951 2308 puellae
962 2233 1098 2298 Etcanat,
1112 2244 1142 2282 ut
1154 2229 1262 2283 soleant
1276 2250 1317 2282 mo
1335 2231 1356 2270 '-

303 2310 338 2362 de
352 2313 460 2382 positu,
474 2330 528 2362 non
542 2309 700 2378 stiterunt,
719 2325 768 2378 ιι,
786 2327 810 2363 2.
855 2326 895 2365 ter
905 2315 943 2364 ire
956 2311 1077 2384 pedes?·
1094 2309 1185 2380 (Talia
1201 2309 1236 2362 de
1256 2325 1283 2363 te
1298 2309 1356 2362 mihi

343 2392 383 2444 13.
409 2393 504 2442 Monet
521 2401 548 2444 et
567 2389 677 2463 puerilis
699 2392 826 2465 ima903·
854 2391 931 2446 tolita
951 2390 1010 2463 quis
1032 2393 1095 2458 erit,
1114 2391 1160 2464 qui
1179 2392 1356 2461 cantetiquis

302 2467 384 2520 haeret
406 2481 433 2520 et
458 2470 547 2520 unimo
572 2469 638 2520 mihi
661 2468 809 2534 inculcatus
853 2475 918 2536 erit,
936 2473 981 2542 qui
999 2469 1093 2542 puelle
1112 2482 1194 2541 capnt
1214 2488 1247 2521 ne
1265 2468 1355 2541 digitos

300 2567 384 2620 puer,
398 2560 482 2600 totam
494 2549 580 2620 ipsam
592 2551 620 2600 in
635 2567 677 2600 me
689 2545 809 2618 eomple-
853 2550 1177 2622 luminequeetineessum
1187 2549 1301 2620 conati)
1312 2547 1356 2618 Qui

299 2628 524 2699 'ctorimpressnm
535 2630 676 2698 imaginem
684 2626 809 2680 deivido
853 2643 881 2682 et
892 2643 971 2682 canat
990 2629 1023 2683 de
1037 2630 1121 2701 magis
1139 2641 1211 2680 certa
1231 2627 1356 2680 (lodicum

302 2705 504 2758 modocitaturn
512 2705 687 2773 Huschktum,
695 2707 809 2780 pugilo.
850 2709 906 2762 lide
926 2706 1088 2762 Lachmann.
1107 2711 1244 2780 reposuit,
1269 2721 1296 2760 et
1314 2706 1357 2758 ele·

284 2839 287 2844 ,
339 2803 381 2840 oo.
401 2787 463 2840 Non
478 2806 542 2861 epo,
560 2801 609 2839 etc.
626 2789 808 2858 Propertium,
854 2791 971 2861 gantiam
987 2789 1023 2840 ita
1041 2787 1142 2840 addidit
1156 2787 1356 2841 sententiata·

300 2866 404 2936 inquit,
422 2864 500 2918 naedis
517 2883 572 2917 non
589 2865 741 2928 hominem,
760 2863 809 2917 sed
854 2869 906 2920 otio
920 2881 999 2920 antea
1013 2881 1087 2920 erat:
1103 2867 1212 2934 «Quom
1231 2869 1256 2919 si
1276 2865 1357 2939 perdi·

301 2957 474 2997 extenuatum
505 2963 605 3016 corpus
632 2958 660 3002 et
684 2943 808 3001 umbram
853 2943 1011 3016 deris,quis
1027 2946 1093 3011 erit,
1111 2947 1157 3017 qui
1172 2928 1235 2998 ulia
1251 2945 1357 3000 cantet?

182 3033 184 3038 ’
300 3020 426 3076 hominis.
851 3025 913 3086 Haec
924 3043 983 3079 mea
997 3026 1074 3078 Musa
1086 3024 1150 3084 lovis
1162 3023 1249 3095 gltria
1267 3041 1357 3095 mognt

257 3115 260 3121 ·
336 3118 379 3154 21.
395 3103 555 3172 Quam‚etc.
567 3103 739 3175 interjectum
750 3123 808 3157 ore·
852 3117 967 3171 tuaest,
992 3107 1055 3174 Quor
1073 3119 1154 3175 ceput
1176 3119 1202 3157 et
1218 3103 1318 3177 digitos
1334 3116 1357 3157 et

299 3181 366 3231 tioni
393 3182 524 3236 minorem
552 3201 657 3236 venum
688 3185 804 3256 nooipe:
850 3182 951 3236 luminu
967 3185 1041 3254 nigre
1064 3183 1159 3255 puellm
1174 3187 1207 3236 Et
1225 3187 1315 3252 canit,
1331 3195 1357 3234 ut

301 3256 412 3324 §Quam
430 3260 453 3311 si
470 3257 636 3331 perdideris,
655 3263 715 3336 quis
739 3262 806 3330 erit,
851 3263 955 3319 soleant
978 3262 1095 3316 ¹molliter
1115 3266 1153 3318 ire
1177 3264 1273 3336 pedes.
1291 3289 1302 3314 ι
1325 3291 1357 3304 -

300 3339 346 3408 qni
364 3337 426 3390 talia
447 3352 536 3391 cantet
554 3338 633 3410 (lisso
647 3359 715 3405 meu¹
727 3343 806 3394 Musa
850 3343 925 3393 Hanc
937 3339 1049 3412 elegiam
1065 3343 1158 3395 confer
1175 3353 1238 3395 enm
1257 3341 1357 3397 Moschi

297 3413 378 3484 levis,
395 3416 480 3490 glorie
494 3437 590 3492 magna
602 3432 647 3480 tuo
662 3433 702 3477 est
711 3419 740 3492 ),
755 3421 807 3492 Qui
850 3422 937 3493 primo
947 3421 1048 3494 tdyttio.

706 3581 952 3603 mm

479 3779 482 3786 Ι
537 3685 858 3752 IMITATIONES
882 3687 1118 3752 GALLIGAE.

339 3859 362 3895 r.
390 3845 556 3924 Quieumque
583 3845 631 3900 ttte
650 3847 728 3919 fuit,
753 3861 803 3901 eto.
823 3849 860 3900 Lt
878 3849 975 3903 stom
998 3852 1108 3902 flounm
1120 3889 1130 3919 ,
1159 3851 1276 3924 scriptor
1303 3867 1353 3902 non

295 3928 383 3996 magni
398 3927 530 3996 nominis,
542 3927 648 4002 doloque
659 3929 742 3984 m·

474 4053 558 4110 vtem,
568 4054 663 4106 connais
674 4051 827 4116 aujourd'lm'r
836 4051 858 4100 le
868 4053 924 4103 dieu
933 4055 974 4116 qui
985 4053 1014 4112 t’u
1026 4039 1137 4122 domptt3

482 4123 539 4168 Vuis
548 4138 639 4170 comme
649 4127 661 4168 'a
672 4136 709 4172 ort
718 4123 780 4180 autel
790 4121 841 4176 l’nrt
849 4123 876 4170 l'a
888 4127 1032 4188 regitestum.
