2870 4968
610 638 859 735 ELEGIA
888 637 977 733 XI.

615 877 675 942 AD
698 875 976 942 CYNTHIAM„

680 1304 908 1344 tuouuntt'rtttt.

313 1413 495 1474 versantem
509 1414 590 1474 Baiis
603 1413 774 1497 Cynthium
789 1427 820 1476 et
832 1416 1013 1476 amoenitate
1025 1413 1087 1475 loci
1102 1413 1258 1476 fruentem
1273 1436 1332 1475 ro-

273 1523 326 1592 gat
340 1511 490 1573 sollicitus
502 1525 610 1595 poeta,
623 1533 701 1575 num
715 1511 818 1574 adlmc
830 1513 877 1574 sui
889 1533 1009 1574 memor
1020 1514 1074 1588 sit,
1088 1534 1129 1574 an
1143 1533 1210 1574 non
1220 1513 1332 1596 impli-

273 1625 341 1672 cata
356 1609 488 1688 deliciis,
504 1625 540 1674 ut
556 1627 617 1688 est,
635 1611 790 1673 levitatem
806 1611 928 1674 facilius
943 1625 974 1673 et
988 1609 1131 1672 infidiam
1147 1611 1333 1694 protulerit.

273 1710 403 1770 Utinam
415 1713 487 1770 satis
499 1709 544 1770 illi
555 1711 633 1786 sint,
644 1728 723 1792 quos
734 1709 870 1770 admittit
882 1709 985 1793 pudor
997 1709 1141 1770 innoxios
1153 1707 1251 1769 lusus!
1262 1710 1337 1790 qui·

273 1805 331 1865 bus
342 1805 534 1874 delectantur
547 1808 612 1868 sine
624 1805 740 1868 damno
751 1805 890 1868 feminoe!
904 1807 1085 1866 Amatorum
1095 1804 1150 1865 illa
1160 1803 1334 1866 blanditias

275 1906 390 1965 arceat!
410 1927 535 1988 peccare
554 1904 681 1980 multas,
703 1905 757 1964 ubi
776 1903 937 1966 custodem
954 1902 1021 1986 jam
1041 1896 1178 1964 habeant
1193 1902 1334 1964 nullum.

275 1999 429 2084 Objectari
443 2002 568 2084 quidem
584 2023 672 2087 posse
688 1998 736 2064 nil
749 1997 923 2086 quidquam
940 1999 1084 2085 Cynthiae
1099 2024 1107 2062 t
1122 1997 1174 2060 sed
1188 2021 1334 2062 amorem

275 2117 336 2158 esse
356 2109 468 2156 natura
485 2097 649 2172 timidum,
666 2109 697 2158 et
712 2096 938 2178 ignoscendum
955 2097 1055 2158 verbis
1073 2116 1149 2173 esse,
1166 2117 1235 2179 quae
1253 2096 1335 2158 talia

275 2194 372 2254 timor
389 2195 535 2275 suggerit.
553 2191 693 2258 Puellam
710 2193 770 2255 sibi
789 2193 1038 2272 dilectissimam,
1055 2193 1184 2256 unicum
1200 2193 1258 2254 sibi
1274 2193 1335 2256 bo-

275 2309 370 2364 num,
382 2289 496 2351 laetitiae
508 2290 568 2352 sibi
581 2313 706 2354 causant
715 2312 843 2354 omnem
854 2306 884 2355 et
896 2293 1036 2354 moeroris
1045 2306 1143 2379 prout
1153 2289 1243 2374 libetl
1255 2289 1334 2354 hor-

275 2399 375 2464 tatur,
390 2390 633 2474 quamprimum
649 2392 737 2451 Baias
749 2391 885 2466 deserat,
900 2389 1069 2472 litus'quod
1082 2390 1229 2451 infestum
1243 2391 1339 2452 castis

277 2483 355 2546 bene
366 2485 530 2548 concordes
542 2489 665 2548 animos
676 2509 756 2570 saepe
767 2485 957 2569 disjunxerit.

748 2691 860 2713 ...Q-

327 2817 475 2938 Echn
487 2875 520 2926 te
532 2859 651 2928 mediis
663 2878 868 2944 cessantem,
880 2859 1041 2953 Cynthia,
1054 2861 1156 2939 Baiis,

371 2971 447 3054 Qua
455 2965 545 3061 jacet
558 2969 732 3037 Herculeis
745 2973 866 3038 semita
877 2967 1046 3052 litoribus,

318 3170 782 3242 1.Ecquid,etc.Constructioest:
830 3171 926 3244 quibus
941 3169 1041 3243 gaudis
1058 3190 1113 3223 non
1134 3173 1236 3234 minus,
1251 3187 1336 3241 quarn

282 3255 371 3304 «Dum
397 3269 484 3304 cessas
510 3251 579 3304 Baiis
604 3250 673 3324 (qna
695 3255 784 3322 jacet,
829 3250 897 3303 mala
921 3269 987 3303 sano
1017 3249 1124 3321 corpori
1151 3246 1335 3313 medicinam,

280 3331 361 3400 stc),
385 3343 413 3382 et
435 3328 515 3381 modo
538 3329 681 3402 Thesproti
701 3349 783 3402 regno
829 3331 978 3403 querimus.
1001 3329 1103 3381 Medias
1127 3325 1184 3380 vult
1210 3344 1254 3379 eas
1279 3323 1336 3378 dici

279 3428 386 3482 aequora
397 3408 504 3461 subdita
522 3409 641 3476 miraris,
657 3428 714 3482 qun
732 3409 783 3462 Mi·
828 3407 962 3476 Kut'nocl,
983 3407 1056 3479 qnod
1074 3409 1205 3460 Misenum
1223 3407 1293 3458 inter
1306 3419 1336 3459 et

279 3493 349 3542 senis
359 3491 479 3562 proxima
491 3489 676 3562 sunt,ecquid
686 3504 784 3544 secura
828 3487 952 3540 Puteolos
976 3487 1090 3539 fuerim:
1119 3485 1175 3538 noli
1200 3483 1335 3538 credere:

280 3568 351 3621 subit
371 3571 455 3622 nostri
470 3587 601 3621 memores
619 3581 711 3622 noctes
734 3567 784 3621 du·
829 3581 906 3620 ornat
925 3565 1071 3638 adjectivns
1091 3565 1335 3630 messanensium,

281 3650 377 3700 cerel»
392 3649 604 3716 Cessarc‚otinri‚
618 3649 712 3704 molles
728 3649 784 3704 dies
829 3649 855 3700 vi
873 3649 976 3719 positus
994 3647 1048 3698 fere
1069 3643 1153 3697 nulla.
1174 3643 1216 3696 Sic
1233 3643 1334 3697 medios

280 3730 500 3800 agero—Baio),
514 3727 548 3781 ad
561 3747 649 3794 mure,
662 3730 689 3780 in
705 3729 784 3782 Cam·
828 3743 948 3797 campos,
966 3725 1079 3776 mediam
1093 3723 1163 3775 viam
1173 3723 1252 3776 toties
1263 3719 1335 3774 dici·

280 3809 374 3880 pania‚
404 3827 517 3879 quarum
548 3807 657 3860 laudant
686 3813 784 3881 passim
829 3823 905 3870 mus,
929 3818 955 3856 ct
977 3803 1074 3855 mediat
1099 3801 1215 3867 Thebas,
1241 3803 1263 3854 si
1290 3821 1335 3854 res

280 3889 393 3940 Romani
411 3890 551 3960 scriptores
564 3907 648 3961 aquas
663 3903 689 3940 ct
703 3908 783 3942 amoe·
829 3881 980 3936 adcuratius
999 3894 1067 3935 esset
1086 3881 1245 3954 probanda,
1267 3881 1337 3933 ori-

280 3985 345 4018 nnm
368 3967 455 4019 sitnm.
474 3968 551 4020 Baias
572 3967 629 4020 tuti
648 3968 782 4040 quondam
828 3963 888 4018 dina
903 3964 983 4017 habet
1001 3967 1109 4016 Metam.
1130 3964 1204 4029 Xlll,
1223 3963 1285 4032 692.
1297 3991 1334 4002 --

280 4043 515 4112 babuerunt‚'uti
543 4064 593 4098 nos
621 4045 701 4100 urbes
725 4047 782 4099 illas
828 4045 987 4098 Herculeum
1004 4043 1078 4110 litus,
1092 4046 1119 4096 in
1134 4043 1334 4114 quosemitnm,

280 4137 397 4192 nostras,
415 4124 508 4190 Viciu,
526 4125 665 4198 Ecquem,
686 4138 737 4178 etc.
755 4127 782 4178 in
828 4123 1084 4197 vum(1v‚8‚60)‚
1102 4123 1227 4178 Hercules
1246 4125 1334 4176 mnni-
