2826 4978
325 443 390 524 448
611 443 876 511 PROPERTll
901 447 989 512 ΗΒ.
1015 449 1085 513 lll.

369 571 493 638 Omnia
503 573 664 636 Romame
675 569 797 638 cedent
810 570 974 638 miracula
989 587 1098 640 terrae.

416 693 541 755 Natura
556 687 612 756 bic
622 691 751 780 posuit,
763 687 931 784 quidquid
942 688 1069 785 ubique
1081 691 1157 760 fuit.

368 801 479 866 Armis
489 813 569 892 epta
579 801 687 892 magis
701 797 802 866 tellus
812 823 939 894 „quem
952 799 1131 869 commode
1142 827 1252 888 noxae,

415 915 706 992 Famam,Roma,
721 929 789 978 tuae
800 935 870 978 nou
884 910 991 1004 pudet
1001 911 1170 982 historiae:
1327 947 1355 982 πο

369 1025 472 1102 Nam,
488 1035 653 1115 quantum
664 1021 772 1103 ferro,
788 1036 922 1089 tentum
933 1025 1059 1114 pietate
1072 1041 1227 1116 potentes

415 1133 566 1213 Stemus;
579 1133 731 1199 victrices
744 1146 911 1225 temperat
921 1133 971 1199 ira
984 1155 1117 1202 manus.

370 1242 448 1322 Hic,
462 1243 545 1308 Anio
559 1241 726 1324 Tiburne,
742 1239 835 1325 fluis,
847 1240 1039 1310 Clitumnus
1050 1243 1094 1312 ab
1107 1245 1236 1313 Umbro

414 1353 580 1434 Tramite,
597 1367 631 1418 et
642 1368 806 1420 aeternum
818 1355 968 1422 Marcius
980 1351 1104 1422 humor
1118 1377 1215 1446 opus.

363 1461 521 1530 Albanus
534 1462 627 1530 lacus
640 1481 673 1530 et
684 1468 775 1532 socia
790 1466 1007 1532 Nemorensis
1021 1464 1064 1532 ab
1077 1465 1187 1548 unda,
1330 1481 1356 1531 25

415 1575 565 1665 Potaque
578 1570 723 1640 Pollucis
737 1571 879 1666 lympha
891 1573 1036 1642 salubris
1050 1599 1150 1669 equo.

362 1783 401 1836 ¹9·
425 1765 516 1821 Tellus
538 1771 622 1843 meeis
643 1781 706 1843 apta
729 1771 827 1836 amru,
876 1787 916 1824 to.
943 1773 1073 1824 Ceterum
1096 1772 1246 1826 emendatio
1270 1774 1358 1824 naret

321 1863 403 1918 quem
417 1863 493 1900 noxie
506 1850 660 1910 commoda5
675 1867 733 1920 quie
744 1851 827 1920 magis
872 1867 944 1905 certe
956 1852 1029 1917 baec,
1044 1873 1125 1926 quem
1136 1853 1223 1906 firmet
1234 1853 1302 1926 apud
1310 1855 1359 1904 llar-

298 1947 301 1958 ·
322 1925 466 1978 nrmicsuis
475 1928 732 1998 qrreritvictoriem,
747 1945 827 2000 quem
872 1931 958 1984 thium
990 1932 1126 2004 exemplar
1154 1935 1280 1985 Venetn'm
1308 1934 1358 1983 enni

321 2006 397 2058 victis
418 2023 514 2059 nocere
534 2010 642 2078 cogitet.
662 2037 696 2050 -
713 2011 827 2062 Famam
876 2011 960 2064 1500:
976 2011 1116 2064 «Albanus
1127 2011 1360 2065 lacusetsocialle

322 2101 376 2134 non
395 2087 605 2155 pudet,1loma,
626 2089 738 2142 historice
759 2101 826 2151 tuoe‚·
873 2091 1001 2142 morensis
1018 2088 1053 2141 eb
1069 2088 1179 2150 uuda;·
1198 2107 1279 2161 quum
1296 2101 1358 2140 tutet

321 2164 435 2230 semem,
450 2185 533 2239 quum
546 2167 610 2221 dicit
621 2188 664 2221 res
677 2183 755 2237 tuas,
771 2189 826 2222 non
872 2168 1005 2240 legeretur
1015 2187 1047 2221 ex
1060 2167 1125 2236 illo,
1138 2170 1226 2241 Jquetn
1239 2169 1360 2230 norimnt,

321 2243 414 2316 pudet.
583 2289 585 2294 ,
871 2245 1360 2320 ScaligeriCotlicefideinulliutrcdl·

359 2339 402 2376 η.
414 2323 526 2379 Stemus.
539 2327 606 2380 Vide
625 2331 664 2396 ll,
679 2347 712 2399 9,
731 2332 773 2384 30.
791 2359 827 2372 —
873 2329 1005 2400 bonusque
1023 2327 1096 2380 lacus
1123 2329 1188 2382 socii
1208 2325 1360 2380 Nemorensis

324 2402 445 2456 Victrices
463 2415 588 2476 temperat
603 2410 643 2460 ira
659 2429 761 2462 manus.
781 2409 826 2462 Al·
872 2405 906 2460 eb
918 2405 1023 2458 unde-e
1042 2405 1114 2457 Male
1128 2405 1248 2458 Altam
1261 2403 1325 2456 uec
1336 2401 1362 2454 at

321 2495 405 2534 terem
415 2484 575 2552 lectionem,
588 2487 677 2540 multis
690 2502 752 2542 ento
762 2507 826 2560 pro·
872 2487 944 2538 unda
959 2486 1023 2538 socii
1037 2485 1206 2538 Nemorensis
1211 2505 1221 2546 ,·
1237 2486 1326 2548 immo,
1336 2481 1362 2532 ei

321 2559 427 2629 batem,
443 2565 609 2616 Burmannus
625 2579 651 2618 et
665 2567 785 2619 Kuinoel
795 2587 826 2620 ex
871 2564 944 2616 unda
960 2563 1031 2616 socie
1047 2560 1142 2630 (sociis
1158 2563 1253 2633 equis)
1268 2574 1361 2630 uterquc

322 2637 424 2710 aliquot
433 2637 507 2691 libris
519 2639 681 2692 admiserunt
697 2663 703 2690 :
717 2665 728 2687 ι
739 2645 827 2693 rictri·
871 2643 945 2694 lacus
957 2641 1058 2706 fluens,
1072 2643 1175 2711 quippe
1187 2640 1283 2711 quibus
1293 2655 1362 2690 nunu

322 2733 366 2767 ces
384 2727 515 2787 temperet
535 2715 584 2769 ttta
604 2735 737 2779 menum
758 2718 825 2787 illa,
872 2718 1050 2790 eumdemque
1069 2718 1173 2770 iontem
1190 2735 1249 2772 esee
1266 2726 1361 2770 coenet

322 2811 403 2864 quem
421 2793 501 2861 dixit,
519 2795 611 2866 pictos.
632 2798 719 2848 Prima
737 2800 827 2868 specie
870 2799 967 2870 Scripti
982 2794 1105 2850 nonnulli
1122 2795 1294 2870 Albanosque
1305 2793 1363 2847 tas

321 2871 474 2942 blanditur,
490 2873 539 2927 sed
554 2875 649 2928 fulsum
664 2889 711 2928 est.
727 2878 825 2930 Victri-
870 2877 957 2942 socia,
971 2875 1061 2928 itidem
1075 2887 1218 2946 cormpte;
1230 2875 1312 2927 ceteri
1323 2869 1363 2923 At·

322 2973 366 3006 ces
384 2973 478 3008 manue
497 2957 584 3028 pietas
601 2968 749 3029 temperare
770 2975 825 3010 non
872 2957 953 3008 ὺαηω
971 2953 1044 3007 lucus
1057 2964 1083 3005 et
1097 2952 1170 3006 socii.
1181 2982 1217 2994 -
1228 2955 1295 3005 rou
1307 2951 1364 3021 ly·-

320 3047 427 3105 potest,
449 3053 506 3107 qute
524 3035 598 3088 nulle
619 3049 659 3088 est
678 3038 706 3088 in
724 3035 825 3090 hostes.
870 3033 926 3107 phe
946 3032 1054 3088 salubris
1073 3031 1194 3086 Pollucis
1216 3051 1299 3104 equo,·
1315 3030 1364 3080 fons

321 3113 403 3164 Recte
422 3112 483 3166 libri
498 3115 584 3166 ceteri
598 3113 701 3184 (nostri
718 3131 827 3185 quoque
872 3116 1000 3166 Juturne.
1006 3112 1128 3165 Valerius
1137 3112 1248 3164 Maxim.
1263 3115 1289 3178 1,
1300 3110 1328 3176 8,
1341 3125 1362 3160 t:

320 3193 397 3263 Regii
406 3194 440 3260 ll,
454 3192 490 3264 F)
501 3191 552 3245 illie
560 3191 683 3244 meliores
693 3194 825 3244 universi:
877 3193 1034 3245 :Castorem
1046 3209 1108 3244 vero
1119 3203 1145 3244 et
1154 3189 1292 3244 Pollucem
1300 3191 1364 3243 etin

324 3295 336 3319 ι
346 3273 467 3324 victrices
486 3285 616 3344 temperet
635 3272 675 3324 ira
694 3289 823 3323 menne·
872 3271 919 3326 illo
930 3286 1050 3344 tempore
1061 3271 1194 3344 (tempore
1205 3273 1271 3326 belli
1284 3269 1365 3340 bedul

319 3352 362 3402 Iro
374 3369 435 3403 sune
445 3369 538 3404 monus
548 3353 669 3404 victrices
681 3363 826 3421 temperet;
873 3371 922 3424 pro
933 3352 1046 3422 imperio
1060 3350 1156 3423 populi
1169 3353 1285 3406 Romeui
1299 3367 1364 3405 exce·

321 3429 361 3479 irc
371 3429 399 3480 in
410 3428 532 3496 bostem,
546 3429 625 3482 simul
636 3447 668 3480 ac
681 3429 779 3480 victum
788 3431 828 3481 v'i·
871 3431 962 3485 buisee
969 3432 1106 3503 cognitum
1114 3443 1170 3496 est,
1185 3449 1241 3503 qno
1251 3431 1285 3486 ed
1293 3431 1364 3483 lacon

322 3507 432 3576 demus,
453 3524 552 3578 cesset,
577 3523 605 3562 et
626 3527 720 3562 menne
741 3528 757 3562 e
778 3529 827 3564 ee·
871 3513 991 3565 interne
1004 3529 1083 3564 sunm
1098 3509 1364 3584 equommqueeudo·

320 3590 418 3644 ciendo
432 3589 551 3644 retrahit.
565 3589 760 3643 Lecbmeunue.
872 3609 927 3643 rem
947 3589 1057 3644 abluere
1073 3591 1121 3642 visi
1135 3603 1215 3653 sunt;
1234 3594 1364 3662 junctiq-

359 3669 401 3722 23.
416 3670 488 3723 Anio
506 3670 628 3724 Tiburne.
646 3669 712 3724 Vide
726 3673 754 3736 l,
774 3687 826 3737 ro,
871 3669 941 3722 fonti
949 3669 1018 3723 edes
1028 3687 1120 3722 eornm
1130 3667 1233 3722 nullius
1244 3669 1364 3722 hominu

323 3751 349 3805 fl.
366 3777 403 3790 -
417 3748 583 3812 Clitumnus,-
601 3752 640 3816 lt,
661 3767 709 3818 19,
729 3747 772 3802 25.
790 3779 826 3790 -
871 3767 953 3801 manu
970 3759 1086 3802 reserate
1099 3749 1198 3819 patuit.
1216 3772 1229 3796 ι
1248 3779 1283 3788 -
1296 3747 1363 3818 lqu-

322 3829 438 3884 nemius
449 3827 559 3890 humor,-
571 3829 620 3895 ΙΙΙ,
633 3846 665 3894 2,
683 3845 722 3880 tn.
868 3827 930 3901 pho.
944 3827 1072 3900 Nympho
1091 3825 1224 3882 dederent
1241 3847 1272 3882 ex
1288 3843 1364 3880 emen·

359 3907 402 3960 2⁵.
416 3907 533 3960 Albanus
548 3905 637 3969 locun
653 3904 752 3976 dequo
767 3906 826 3958 Vir·
871 3905 980 3960 datione
1003 3909 1098 3963 critici.
1118 3905 1188 3960 Vide
1214 3921 1303 3962 notate
1326 3907 1364 3968 ut,

322 3985 417 4057 gilius,
429 3987 489 4038 AEn.
500 3985 553 4052 tx,
567 3985 634 4056 387;
647 3995 674 4037 et
682 3985 826 4038 Nemoren-
875 3987 917 4053 16,
929 3984 1113 4053 decideritis
1126 3985 1242 4057 lympha
1254 3989 1365 4042 Jtttumt

322 4063 434 4134 sis(sive
445 4065 599 4136 Aricinue),
616 4064 703 4118 dietus
716 4063 751 4118 eb
770 4065 826 4117 Ari-
872 4065 947 4136 egris
962 4063 1041 4120 utilit.
1052 4064 1120 4118 Vide
1131 4067 1249 4120 Varron.
1260 4064 1291 4120 de
1302 4064 1363 4130 ling·

323 4151 385 4202 cino
401 4149 492 4202 Diente
508 4165 633 4198 nemore:
649 4143 708 4198 vide
720 4145 758 4210 ll,
775 4145 826 4212 32,
871 4145 927 4196 Lat.
944 4145 986 4195 tv.
