2808 4974
342 615 597 715 ELEGIA
627 619 791 716 XVII.

363 839 425 904 ne
449 837 769 907 exonnsmnn

459 1237 688 1274 AUGUHENTUM.

100 1345 150 1426 Spe
164 1347 255 1406 noctis
274 1343 435 1428 deceptus,
455 1341 631 1422 dilatusque
648 1341 747 1402 dedic
767 1344 802 1402 in
822 1343 904 1405 diem
925 1345 1009 1407 falsis
1027 1369 1100 1430 pro·

70 1445 151 1506 missis
166 1445 314 1520 dominre,
336 1443 512 1504 amentium
533 1441 645 1502 durem
663 1455 778 1504 sortem
796 1447 951 1526 queritur3
971 1441 1116 1510 felicita-⁴
1174 1451 1177 1460 ’

70 1556 119 1603 tem
133 1547 310 1606 anteriorem
331 1564 437 1618 suem,
460 1562 546 1602 nunc
562 1541 714 1619 clebrem,
736 1544 873 1626 respicit3
894 1549 1100 1610 constantiam

70 1663 158 1724 parem
177 1641 310 1703 servabit
334 1639 561 1715 nihilominus,
580 1639 642 1701 fide
662 1638 719 1700 hac
739 1662 794 1702 sue
814 1643 839 1702 si
859 1643 961 1704 valeat
978 1646 1101 1706 mollire

70 1737 225 1820 cynthiam.

510 1887 623 1904 ...Ψ-

108 1997 271 2108 Merum
287 2051 437 2121 noctem,
449 2035 624 2130 promissis
637 2033 762 2102 ducere
773 2051 960 2119 amantem,

144 2157 214 2222 Hoc
225 2153 291 2220 erit
300 2148 441 2218 infectas
453 2146 617 2238 sanguine
629 2141 753 2212 habere
766 2169 899 2214 manus.

105 2267 225 2334 Horum
238 2287 302 2355 ego
314 2283 391 2328 sum
402 2275 511 2338 vates,
525 2258 657 2354 quoties
672 2253 827 2324 desertus
839 2281 972 2325 amaras

144 2373 283 2470 Explevi
296 2389 428 2454 noctes,
441 2371 568 2438 fractus
581 2385 726 2462 utroque
738 2385 824 2435 toro.

105 2483 386 2554 VeltuTantalen
399 2505 556 2549 moveare
568 2477 612 2547 ad
625 2477 768 2546 flumina
779 2495 884 2563 sorte,
1089 2493 1105 2546 5

145 2599 190 2664 Ut
199 2594 315 2692 liquor
325 2595 433 2660 arenti
444 2590 539 2659 fellet
552 2590 595 2658 ob
607 2613 666 2657 ore
679 2591 787 2674 sitim3

100 2797 118 2832 t.
129 2779 290 2834 Continuant
297 2777 477 2832 Broukhusius
489 2777 561 2829 Bur·
599 2777 701 2827 Immo:
715 2775 754 2827 Ea
764 2791 841 2846 sunt,
853 2779 940 2852 inquit
954 2779 1002 2852 (ea
1011 2803 1107 2860 nempe

70 2879 217 2940 munusque
226 2861 299 2914 banc
313 2857 423 2932 elegiam
438 2877 500 2910 cum
513 2877 557 2910 su·
600 2853 720 2906 versibus
732 2871 796 2906 t-n
808 2857 927 2930 posita),
939 2878 996 2930 que
1002 2882 1107 2916 mecum

69 2943 155 3010 peiore
175 2944 307 3016 proxima.
330 2939 503 2994 confusionis
528 2937 557 2990 id
600 2945 710 3004 repeto,
723 2933 857 3004 ingemino
870 2935 983 3002 dolens;
1000 2945 1108 2996 cantile-

70 3037 138 3090 genur
146 3021 263 3096 exempla
271 3021 421 3076 notavimus
430 3020 486 3089 jem
495 3029 557 3072 ante
601 3033 637 3066 ne
650 3017 699 3066 ista
715 3033 773 3066 mea
787 3029 827 3068 est
842 3015 959 3088 (pariter
973 3027 1023 3075 nor
1037 3024 1109 3078 dice-

70 3103 162 3171 tepins;
181 3099 227 3158 sed
245 3099 324 3153 tedet
339 3101 367 3151 in
385 3097 480 3164 rebus,
498 3116 557 3170 que
601 3091 783 3160 remaneant,
796 3095 859 3150 Cest
872 3095 899 3148 tt
911 3118 973 3152 mon
983 3101 1105 3176 restria),

71 3177 122 3232 nihii
138 3183 169 3234 ed
178 3182 425 3256 interpretationem
440 3177 558 3243 faciunt,
603 3173 706 3246 quoties
719 3191 834 3226 amarem
847 3191 953 3230 noctem
962 3186 1053 3254 peregi
1065 3204 1110 3236 so-

70 3257 203 3330 inmorari,
223 3275 250 3315 et
269 3281 326 3334 qne
349 3259 477 3330 deinceps
496 3255 558 3309 tatia
601 3249 644 3304 lus
663 3253 690 3304 in
710 3250 790 3304 lecto·
813 3281 850 3294 —
872 3256 975 3328 Quoties
997 3261 1109 3318 desertus

70 3355 149 3408 erent,
163 3345 283 3396 omittere
303 3359 358 3392 non
380 3337 557 3410 cogitabimus
601 3350 719 3398 amarus,
733 3345 783 3384 etc.
797 3333 875 3388 conf.
891 3337 1063 3396 imitat.Gail.
1075 3345 1108 3398 ad

70 3435 115 3473 etse
129 3423 320 3494 negligentiam.
337 3449 374 3462 --
389 3418 500 3470 Mentiri
512 3437 558 3472 no·
601 3415 629 3481 l,
653 3430 682 3482 ι,
699 3411 741 3468 33.
759 3443 795 3454 -
817 3413 928 3487 Uterque
944 3429 1025 3487 torus,
1048 3441 1110 3496 pers

71 3511 123 3553 rtem
131 3526 141 3566 ,-
158 3524 239 3577 quum
254 3503 335 3556 tuerit
350 3513 446 3574 pecta,
460 3517 558 3572 negare
602 3491 712 3544 interior
723 3507 749 3546 et
761 3498 876 3548 exterior
887 3496 957 3549 lecti.
972 3499 1039 3554 Vide
1052 3517 1108 3556 not.

71 3595 169 3636 noctem.
182 3613 218 3624 -
229 3583 365 3638 Promissis
381 3581 488 3646 ducere,
501 3593 558 3632 tra.
603 3571 638 3623 sd
649 3573 700 3637 lV,
715 3571 748 3638 8,
764 3573 807 3626 68,
820 3603 855 3614 ·-
868 3573 993 3646 Fructus,
1009 3581 1109 3632 insom-

71 3653 246 3729 irere‚lu<121·0,
259 3690 295 3704 .-
309 3661 558 3732 Emerirparfaffl
603 3653 646 3704 nis
660 3653 778 3718 fractus,
792 3653 939 3706 coniectus.
1049 3697 1053 3706 .

72 3739 167 3809 adm,
177 3757 330 3798 “ueniam
338 3760 432 3796 manus
439 3739 492 3792 hoe
499 3741 557 3792 erit,
639 3729 664 3784 5·
679 3731 706 3785 V
705 3729 731 3782 81
743 3743 786 3798 iu,
801 3745 851 3784 etc.
867 3733 944 3786 Potes
956 3733 997 3786 Vei
1008 3737 1110 3792 Tanta-

99 3821 121 3874 3.
129 3823 226 3878 Horum
240 3842 287 3898 eqo
300 3843 356 3876 sum
368 3820 560 3876 vater.1·'efeliit
602 3809 638 3876 li,
654 3821 732 3880 potes
751 3807 791 3860 vel
803 3809 905 3882 Sisyphi
921 3813 992 3883 apud
1009 3817 1122 3883 Orcum,

73 3912 148 3954 tensos
172 3901 357 3958 Marklandum
383 3914 410 3952 et
431 3897 560 3952 Ruhnke.
604 3900 701 3941 sortem
716 3889 883 3941 miserescere
897 3911 903 3940 r
917 3891 945 3942 in
962 3897 1037 3948 terris
1057 3897 1108 3952 du-

72 3970 132 4024 ttittrn
145 3987 322 4046 exponentes:
335 3969 349 4018 ‘u
361 3973 423 4026 Her
438 3989 487 4042 ego
498 3989 559 4022 vers
603 3971 673 4020 riora
685 3982 763 4034 sunt,
777 3989 833 4041 quse
847 3989 937 4022 secum
947 3974 1027 4028 trehit
1037 3997 1111 4032 ama.

73 4049 345 4124 essedocereposeum
355 4074 366 4096 n
378 4061 500 4102 utvetem
508 4067 558 4122 pro
604 4060 647 4099 tor
658 4046 736 4100 mala.
746 4047 875 4100 Tantalea
881 4069 933 4103 sors
941 4053 1108 4128 adflumr'na,

73 4123 185 4199 doctore,
202 4133 362 4204 interprete,
388 4129 558 4200 accipiamus.
604 4127 710 4182 Tantali
726 4127 810 4180 fotum
824 4129 858 4182 ad
872 4149 964 4204 aquas.
977 4135 1110 4190 Admirati

892 4224 942 4288 15.
