2808 4974
314 469 379 545 224
603 461 867 526 rnornurn
891 463 978 527 ure.
1003 464 1052 526 11.

404 590 532 654 Arserit
543 602 578 654 et
588 588 723 681 quantis
736 603 843 679 nupta
854 590 979 654 Creusa
990 587 1099 656 malis.
1325 604 1352 655 30

357 695 502 764 Nullane
516 696 645 764 sedabit
656 712 789 764 nostros
802 694 924 788 injuria
936 694 1059 764 fletus?

406 807 474 874 Ah!
489 804 585 875 dolor
594 806 650 874 bic
661 809 749 874 vitiis
761 809 869 874 nescit
879 805 997 875 abesse
1009 809 1087 875 tuis.

356 923 426 987 Tot
433 916 505 1011 jam
517 917 629 986 abiere
641 917 727 1000 dies,
739 943 846 1013 quum
858 942 913 986 me
926 942 989 986 nec
1001 943 1082 986 cura
1094 917 1235 1002 theatri,

403 1033 473 1096 Nec
487 1031 595 1120 tetigit
605 1032 732 1121 campi,
745 1051 809 1095 nec
821 1052 898 1095 mea
909 1032 1009 1095 Musa
1017 1025 1126 1120 juvat.

356 1147 399 1208 At
409 1139 538 1233 pudeat
549 1155 655 1222 certe,
668 1138 813 1232 pudeat3
827 1141 890 1206 nisi
904 1139 1006 1222 forte,
1020 1139 1113 1234 quod
1126 1143 1240 1224 aiunt,
1326 1153 1355 1206 35

402 1252 528 1344 Turpis
542 1271 638 1316 amor
650 1248 760 1316 surdis
774 1248 912 1316 auribus
925 1273 999 1316 esse
1011 1249 1108 1317 solet.

355 1365 464 1428 Cerne
476 1358 615 1442 ducem,
630 1358 732 1426 modo
745 1360 805 1453 qui
818 1359 955 1426 fremitu
969 1359 1151 1452 complevit
1163 1361 1255 1428 inani

309 1533 455 1584 minatione
467 1532 620 1603 Propertius
632 1531 755 1598 disistit,
770 1531 815 1598 13,
861 1531 934 1583 Num
955 1533 1070 1603 positam
1087 1555 1093 1584 ι
1116 1551 1158 1586 res
1177 1531 1292 1584 diversas
1309 1529 1356 1584 hec

310 1609 343 1680 57
355 1649 364 1676 ‚
378 1609 425 1662 sed
438 1610 490 1662 boc
500 1612 577 1662 metri
589 1611 745 1663 necessitate
754 1629 817 1662 coo·
860 1611 957 1678 formu,
966 1629 1021 1662 non
1031 1611 1127 1664 similes
1142 1615 1309 1682 conjunctas,
1319 1630 1357 1664 no·

309 1704 380 1744 ctus.
400 1692 467 1742 ltem
488 1709 571 1762 quum
585 1691 718 1742 Nioben
738 1690 816 1743 Circoe
860 1690 1357 1760 tat.sie1‚8,1=«Tuneigirurde

308 1767 443 1821 scribebat
454 1771 497 1835 111,
513 1785 556 1834 10,
568 1768 657 1834 8,111‚
673 1787 721 1835 12,
735 1786 778 1840 27,
787 1771 814 1821 in
861 1769 982 1821 mens...?
996 1769 1041 1820 Ars
1054 1767 1102 1820 tibi
1117 1787 1176 1820 sum
1187 1767 1277 1840 gelida
1290 1768 1357 1820 vilior

308 1861 425 1919 utroque
436 1867 514 1902 versu
528 1847 684 1901 consulebat
696 1849 814 1902 auribus.
858 1846 983 1920 Illyriai»
995 1847 1054 1914 An,
1066 1846 1095 1898 id
1108 1859 1161 1914 est,
1173 1871 1185 1894 ι
1196 1848 1226 1902 V
1222 1847 1247 1898 el
1251 1887 1260 1913 ,
1276 1849 1296 1898 si
1311 1865 1357 1898 nou

307 1957 344 1967 -
366 1931 476 1994 crema,
498 1929 577 1980 etiam
599 1928 700 1981 Glauce
724 1928 814 1994 dicte,
860 1945 887 1978 es
908 1927 1030 1994 demens,
1052 1940 1113 1979 sote
1138 1945 1258 1980 amorem
1279 1945 1358 1978 menn

308 2008 429 2060 Creontis
441 2006 511 2074 fitia,
526 2027 608 2079 quum
623 2011 756 2079 nupsisset
767 2009 814 2060 Jn-
859 2009 938 2078 ponis
952 2007 1082 2080 Illyrium?
1098 2030 1110 2054 u
1122 2009 1242 2060 Pensatis
1258 2007 1359 2059 rationi·

307 2089 380 2154 soni,
392 2087 459 2139 irata
468 2085 577 2152 Medea,
589 2106 667 2159 quarn
680 2091 743 2140 ,lato
754 2100 814 2140 ante
859 2085 910 2138 bus
925 2085 980 2152 bis,
999 2104 1062 2138 cum
1078 2084 1253 2138 Lachmanno
1271 2085 1359 2140 scribe·

307 2163 437 2232 duxerat,
456 2164 555 2236 pallam
568 2184 669 2218 veneno
687 2168 815 2218 inlectam
859 2182 932 2216 mus:
947 2161 1081 2216 «Nullane
1094 2163 1199 2216 sedabit
1211 2179 1315 2218 nostros
1325 2165 1358 2214 io·

307 2241 380 2296 dono
392 2242 487 2316 puelle
503 2244 580 2294 misit.
600 2243 690 2296 Induit
703 2243 761 2296 bec
772 2263 814 2296 ve·
855 2243 926 2314 juria
945 2242 1042 2294 fletus?
1061 2242 1121 2294 At!
1139 2241 1220 2294 dolor
1241 2243 1284 2294 bic
1299 2243 1360 2294 vitiis

307 2334 391 2390 stem,
417 2341 479 2374 cum
502 2333 613 2392 totaque
631 2322 714 2392 patris
740 2323 814 2392 regia
857 2323 942 2374 nescit
958 2320 1052 2374 abesse
1068 2323 1149 2374 tuis·
1170 2319 1289 2373 Nullane
1304 2318 1360 2372 mibi

258 2395 260 2400 ’
307 2400 481 2454 comburitur.
492 2400 559 2452 Vide
573 2401 666 2452 Senec.
677 2400 749 2452 Med.
761 2414 812 2454 act.
858 2418 984 2471 umquam
1000 2403 1051 2452 erit
1061 2402 1157 2470 injuria
1172 2399 1312 2453 remedio?
1322 2400 1360 2450 Me

305 2479 342 2532 IV
354 2494 381 2532 et
392 2482 424 2530 V.
857 2479 998 2530 miserum!
1021 2479 1067 2550 qui
1088 2477 1170 2532 flendi
1195 2498 1322 2545 causam,
1345 2494 1359 2527 o

343 2558 812 2630 31.Nuttam‚ete.vutgo=«1tut-
857 2557 984 2630 Cynthia,
1004 2559 1099 2612 delicte
1119 2561 1147 2612 iu
1165 2577 1209 2612 me
1235 2573 1281 2612 tua
1298 2577 1360 2631 que·

305 2636 367 2689 lane
377 2637 482 2690 sedabit
495 2652 601 2690 nostros
610 2640 707 2709 injuria
718 2639 812 2693 fletus?
856 2656 970 2709 cumque
980 2641 1044 2705 sint,
1058 2641 1177 2692 emittere
1188 2658 1247 2691 non
1257 2639 1359 2692 valeam.

305 2717 350 2768 An
367 2716 445 2769 dolor
464 2716 509 2768 hic
529 2719 597 2770 vitiis
616 2721 702 2770 nescit
720 2718 812 2772 abesse
856 2717 948 2769 Literas
967 2719 1010 2769 vix
1026 2717 1156 2771 differunt
1176 2719 1264 2772 foruna
1283 2718 1323 2770 At
1338 2729 1361 2769 et

250 2793 252 2800 ’
306 2795 402 2850 suist·
426 2799 566 2850 Sentenius
588 2799 660 2869 apud
682 2799 811 2850 Burman·
856 2796 991 2850 Anrtrtis
1012 2810 1118 2864 autem,
1136 2817 1191 2850 non
1215 2801 1284 2864 estis,
1300 2797 1360 2850 liber

305 2895 371 2929 num
387 2879 525 2947 exposuit:
542 2877 678 2930 *Nullane
692 2881 812 2949 pretoria
856 2874 1044 2945 Groningauus
1057 2876 1171 2931 exhibet.
1184 2879 1283 2952 Abire,
1296 2875 1359 2951 quod

306 2955 348 3008 vel
359 2956 476 3029 Cyutbiae
487 2958 583 3026 injuria
598 2955 720 3008 dissolvet
733 2975 811 3008 arno-
857 2956 949 3024 scripti
969 2972 1116 3026 agnoscunt
1135 2956 1190 3010 duo
1209 2978 1268 3010 non
1288 2957 1359 3022 boni,

306 3035 811 3108 reseorum‚atqueudeolletutmeos
857 3049 904 3098 ac,
928 3036 950 3086 si
973 3035 1030 3086 lieri
1047 3048 1154 3107 postet,
1179 3036 1358 3088 bethmannus

306 3117 812 3188 sedabit?Anbicdolor.(amorinfe·
856 3131 905 3184 pro
928 3115 1010 3168 abesse
1037 3117 1195 3187 rcpdnetett
1228 3119 1358 3171 manifeste

305 3193 356 3267 lix)
371 3197 452 3248 nescit
465 3195 600 3266 abesse(id
613 3209 669 3260 est,
682 3197 771 3264 abire,
783 3199 811 3249 in
855 3192 953 3246 fulsum
969 3209 1008 3248 est
1024 3197 1197 3268 sequentibus
1214 3199 1276 3254 bie:
1293 3203 1359 3252 «Tot

304 3271 398 3328 melius
409 3275 521 3345 mutari)
531 3275 599 3326 vitiis
607 3275 657 3328 suis
666 3277 811 3342 consuetis,
852 3273 908 3342 jam
923 3275 1009 3327 abiere
1023 3273 1112 3328 dies.-

304 3355 407 3423 injuriis
420 3349 515 3424 nempe
524 3369 549 3406 et
560 3355 808 3408 rixisamanriumt·
891 3351 1072 3423 34.Cumpum
1086 3353 1214 3427 intelligis
1228 3358 1358 3411 esseldrr·

304 3433 334 3484 ln
347 3433 464 3505 quibus,
486 3445 578 3504 preter
596 3435 678 3503 ipsius
697 3432 811 3503 explica·
856 3429 932 3484 tium.

304 3511 384 3564 tionis
393 3525 547 3564 contortum
561 3509 688 3578 modum,
699 3511 752 3564 hoc
763 3509 812 3564 ad·
893 3509 937 3562 35.
952 3510 996 3561 At.
1009 3509 1112 3581 Vulgo,
1125 3512 1187 3564 At!
1195 3515 1299 3585 pudeat
1310 3529 1358 3565 cer-

303 3594 382 3642 vertis
397 3610 453 3644 esse
470 3593 542 3656 vitii,
556 3591 628 3664 quod
643 3605 729 3644 mutat
743 3591 811 3644 San·
857 3599 896 3654 te,
917 3588 1024 3659 pudeat.
1048 3589 1100 3642 Sed
1118 3605 1191 3643 recte
1212 3593 1250 3646 Ar
1266 3591 1358 3664 pudeat

303 3669 390 3722 tenius
416 3688 572 3740 personas:
601 3671 712 3740 iujurias
740 3671 810 3722 enirn
854 3667 1065 3738 Neapolitanus,
1093 3670 1291 3738 Mentelianus,
1319 3669 1358 3724 alii

303 3759 383 3817 poeta
410 3749 549 3800 nranifeste
571 3748 637 3800 dicit
662 3768 717 3801 nou
743 3768 809 3821 quas
854 3747 1020 3820 complures;
1037 3751 1074 3800 ita
1085 3751 1155 3801 enirn
1169 3752 1307 3804 sententie
1317 3770 1357 3803 ar·

303 3829 386 3896 possit
400 3825 513 3899 Cynthia
526 3832 631 3899 praetori
645 3829 749 3894 facere,
762 3829 809 3882 sed
853 3827 922 3878 ctius
941 3827 1111 3898 copulantur.
1124 3829 1358 3884 heumannus.-

304 3923 371 3976 quas
389 3905 436 3958 ille
451 3907 556 3960 sibimet
574 3911 713 3981 Propertio
734 3910 807 3961 facit.
852 3907 1008 3958 Continusri
1034 3909 1160 3960 sentimus
1181 3909 1285 3975 verba,
1304 3927 1357 3981 que

303 3987 386 4037 Porro
401 4005 450 4038 nec
463 3990 697 4060 interrogationem
711 3989 809 4044 Nulla·
853 3983 957 4037 sibimet
970 3985 1129 4056 Propertius.

264 4095 266 4098 ·
304 4065 431 4128 rte—An,
444 4069 631 4120 utnecessario
642 4066 807 4121 tenendahic
888 4064 932 4134 37.
951 4065 1068 4130 Ducem,
1082 4066 1239 4118 Antonium.
1256 4067 1357 4119 -Frr-

151 4181 153 4186 .
242 4187 245 4193 .
303 4155 386 4210 essct,
405 4157 476 4196 recte
489 4145 624 4215 capiemus
635 4163 685 4217 pro
697 4147 808 4200 Num-
852 4145 1354 4220 mitoincuisupplepraepositionem:
