2940 4974
286 530 328 572 20
609 503 871 570 PROPERTll
897 502 1036 566 VlTA.

185 705 188 714 Ι
283 633 391 694 Gallus
400 628 562 715 praelectus
573 629 707 712 AEgypti.
719 629 763 688 M.
774 628 913 688 Valerius
922 624 1053 688 Messala
1063 626 1103 689 ab
1115 626 1253 708 Angusto
1262 649 1337 689 cnm

283 730 416 813 imperio
428 730 463 788 in
473 729 577 789 Asiam
587 727 736 800 mittitur,
748 724 787 786 sd
801 725 908 786 narbas
921 725 962 784 ab
974 724 1101 784 Antonii
1112 721 1338 804 gladiatoribus

283 828 346 890 illic
357 829 501 890 excitatas
512 823 760 908 componendas,
775 823 912 904 aliasque
924 822 1017 882 simul
1032 841 1080 882 res
1091 821 1336 882 constituendas.

282 925 331 988 Gi.
346 925 408 986 Dio
426 923 482 1000 Ll,
496 943 561 984 non
579 922 673 1003 longe
692 943 711 982 a
728 921 862 1004 princip.
881 922 980 1002 Atque
1001 918 1041 980 ad
1058 917 1120 980 hoc
1138 938 1197 1000 ego
1212 931 1337 1002 tempus

282 1025 383 1088 refero
394 1037 458 1086 tam
471 1024 671 1106 scriptionem
683 1020 788 1102 elegiae
800 1021 820 1081 6
832 1019 887 1081 lib.
902 1021 934 1096 l,
949 1039 1046 1101 quam
1057 1018 1227 1080 aditionem
1238 1019 1337 1080 totins

281 1123 365 1186 illins
380 1122 469 1198 libri,
486 1141 579 1202 quem
594 1117 727 1184 Volcatio
743 1115 842 1192 tutu,
856 1117 912 1200 qni
931 1117 967 1177 A.
989 1117 1027 1176 U.
1049 1133 1104 1200 7²¹
1124 1136 1198 1177 cnm
1215 1116 1337 1178 Cessare

280 1221 453 1283 Octaviano
466 1217 577 1281 consul
594 1215 713 1293 fuerat,
731 1216 826 1298 elegia
844 1217 946 1298 prima
963 1215 1087 1291 addita,
1108 1214 1272 1298 inscripsit.
1288 1215 1336 1276 Ab

280 1315 341 1379 hoc
361 1329 467 1377 tamen
487 1315 555 1398 ipso
576 1313 672 1374 Tullo
694 1313 850 1374 diversum
872 1325 973 1374 statuo
995 1311 1105 1387 illum,
1119 1312 1159 1372 ad
1178 1332 1272 1394 quem
1290 1326 1338 1372 est

280 1415 376 1497 elegia
389 1413 411 1474 6
424 1409 480 1472 lib.
497 1411 526 1488 l,
538 1423 568 1472 et
580 1432 617 1472 aa
630 1409 685 1472 lib.
699 1411 755 1472 lll.
767 1410 886 1472 Scilicet
900 1409 953 1471 ille
961 1408 1086 1486 Tullus,
1097 1409 1148 1470 cni
1156 1409 1337 1491 Propertius

280 1509 438 1590 inscripsit
451 1528 540 1568 suam
554 1509 740 1585 Crnrnuu,
756 1519 802 1568 cst
814 1508 848 1566 L.
864 1504 1014 1570 Volcatius
1030 1503 1146 1581 Tullus,
1160 1503 1284 1587 infilius
1295 1506 1337 1586 (is

280 1611 393 1672 Lucius
412 1608 541 1670 fortasse
558 1605 611 1668 ille
625 1607 691 1690 ipse
704 1619 768 1682 est,
787 1609 842 1688 qui
862 1608 897 1667 A.
916 1607 955 1666 U.
976 1607 1036 1667 688
1052 1604 1160 1666 consul
1181 1603 1243 1666 fnit
1262 1625 1336 1666 cum

279 1707 324 1769 M.
344 1705 470 1767 AEmilio
487 1703 637 1788 Lepido),
657 1705 713 1786 qui
736 1724 808 1764 cum
822 1703 941 1764 Gaesare
955 1702 984 1762 ll
997 1700 1125 1763 consule
1138 1698 1337 1766 consulatum

278 1807 380 1890 gessit.
394 1803 451 1866 Sed
470 1803 495 1866 is
513 1803 578 1886 ipse
592 1801 700 1864 consul
718 1801 804 1863 hand
823 1799 918 1862 dubie
936 1797 997 1861 fuit
1015 1813 1137 1883 patruus
1155 1797 1235 1860 iliius
1256 1797 1337 1861 tutu

270 1899 415 1986 junioris,
430 1899 470 1962 sd
484 1919 578 1981 quem
593 1911 637 1960 est
650 1897 842 1980 elegiafilib.
855 1899 884 1974 1,
904 1895 1100 1979 significante
1116 1898 1185 1980 ipso
1202 1897 1336 1979 Proper·

278 2001 322 2059 tio
332 2019 376 2059 vs.
395 2009 459 2079 ¹9·'
475 1999 581 2079 Neque
590 1997 673 2058 enim
683 1997 844 2078 antiquior
852 1995 906 2056 ille
913 1994 1038 2071 Tullus,
1051 2015 1123 2056 cnm
1132 1992 1251 2077 Lepido
1260 1995 1337 2056 con·

279 2095 344 2170 sul,
359 2093 436 2155 adeo
450 2093 543 2154 rebus
556 2093 646 2175 gestis
660 2092 819 2168 inclaruit,
834 2105 870 2154 ut
883 2092 1064 2175 Propertius
1078 2090 1142 2175 ejus
1156 2111 1230 2153 eum
1243 2089 1338 2153 lande

279 2193 456 2254 meminisse
470 2192 620 2255 videatur.
636 2191 756 2252 llectins
769 2190 889 2267 credas,
904 2203 1028 2274 poetam
1042 2191 1114 2252 vivo
1125 2211 1183 2252 suo
1199 2202 1338 2273 patrono

279 2289 374 2352 Tullo
388 2287 552 2351 adulatum
565 2287 660 2350 fuisse
673 2308 764 2350 versu
778 2287 852 2349 illo:

464 2441 501 2488 Tu
510 2442 589 2504 patrui
597 2441 691 2488 merim
701 2453 786 2488 conare
795 2440 884 2488 anteire
892 2454 992 2488 secures.

279 2557 338 2616 llic
349 2553 448 2639 igitur
461 2555 563 2619 adhuc
576 2555 701 2638 juvenis
714 2567 795 2633 erat,
809 2567 854 2632 et,
869 2556 903 2616 ni
917 2553 1026 2635 fallor,
1040 2551 1167 2638 equalis
1180 2553 1244 2618 iere
1257 2555 1338 2618 Pro·

279 2656 395 2738 pertio,
407 2675 464 2716 nec
475 2655 553 2716 dum
564 2655 701 2738 aliquem
710 2655 926 2737 magistratum
937 2668 1083 2736 gesserat,
1095 2655 1148 2716 sed
1159 2657 1261 2716 omnis
1269 2652 1338 2738 ejus

263 2749 406 2832 ⁸fortuna
421 2763 452 2812 et
465 2771 532 2834 spes
547 2749 649 2812 adhuc
663 2751 698 2811 in
712 2749 903 2826 bechamet,
919 2751 1009 2811 sicuti
1023 2771 1059 2812 ex
1070 2751 1147 2833 eleg.
1161 2772 1198 2812 aa
1209 2750 1264 2812 lib.
1276 2751 1337 2829 lll,

277 2847 332 2924 40,
346 2867 411 2908 non
425 2848 529 2931 inepte
538 2846 673 2930 colligas.
686 2849 746 2910 Hic
753 2846 865 2930 junior
877 2845 999 2924 Tullus,
1013 2845 1098 2909 filins
1111 2847 1215 2910 fratris
1225 2868 1339 2910 consu·

277 2945 331 3020 lis,
346 2965 365 3005 a
378 2945 543 3028 Propertio
562 2955 691 3006 vocatur
705 2944 752 3023 (l,
771 2945 810 3022 6,
829 2941 888 3026 34)
904 2965 974 3026 pars
988 2947 1098 3026 accepti
1116 2947 1230 3027 imperii
1236 2969 1248 3020 ‚·
1264 2964 1337 3027 quse

277 3039 397 3123 phrasis
418 3039 496 3101 nihil
519 3039 605 3102 alind
628 3041 798 3122 significat,
820 3062 915 3124 quam
928 3039 1077 3124 juvenem
1095 3040 1186 3104 illum
1205 3041 1336 3104 Tullum

277 3137 372 3199 fnisse
390 3139 423 3198 in
438 3136 584 3216 cohorte,
599 3137 631 3199 id
646 3149 690 3200 est
707 3138 788 3200 inter
799 3141 926 3200 comites
938 3153 968 3200 et
979 3139 1093 3201 amicos
1101 3139 1160 3200 viri
1172 3139 1336 3224 cujusdam

278 3235 354 3296 clari
367 3251 398 3296 et
411 3236 598 3313 consularis,
611 3237 662 3298 cni
676 3237 864 3299 Octavianus
881 3237 1039 3320 singulare
1054 3237 1216 3320 quoddam
1236 3241 1338 3323 impe-

277 3333 377 3406 num,
389 3332 546 3408 dederit²;
561 3333 652 3394 sicuti
663 3334 692 3409 l,
708 3354 761 3410 21,
776 3331 811 3414 4,
821 3355 891 3419 pars
904 3335 1016 3396 miiitioe
1024 3349 1069 3396 est
1082 3355 1165 3396 unus
1176 3334 1214 3396 de
1226 3335 1337 3398 militi-

317 3475 510 3545 r.Coujectnra
522 3473 631 3542 Barthii,
639 3493 782 3547 qnamnon
827 3477 863 3532 ad
878 3497 958 3552 quem
976 3491 1080 3532 exstant
1094 3475 1183 3550 elegias
1198 3497 1205 3530 s
1223 3476 1258 3532 de
1277 3481 1337 3552 pri-

278 3554 432 3624 sucipirnna.
456 3554 553 3624 Neque
578 3553 648 3604 enirn
673 3553 701 3604 in
724 3567 782 3606 toto
828 3577 872 3612 mo
896 3571 986 3612 autem
1004 3557 1073 3612 libro
1098 3572 1159 3630 pon
1183 3557 1337 3612 Lachman-

276 3633 415 3702 Propsrtio
431 3631 539 3684 verbum
554 3632 687 3698 occurrit,
709 3631 783 3705 quod
828 3653 893 3689 nnm
910 3637 987 3690 nobis
1001 3637 1040 3690 ita
1055 3635 1175 3704 videtur,
1193 3649 1223 3689 nt
1240 3655 1336 3710 parum

276 3721 323 3760 ant
346 3710 546 3780 inscriptionem
573 3711 651 3763 istam
676 3723 783 3764 tueatur
827 3727 904 3769 recte
920 3715 955 3769 nd
974 3715 1047 3768 hunc
1068 3735 1155 3790 usque
1170 3716 1273 3769 diemo
1293 3735 1334 3770 se·

275 3791 336 3842 libri
350 3791 428 3862 primi
444 3789 479 3843 ad
496 3791 618 3859 Tullum,
633 3804 679 3844 snt
699 3793 782 3847 fnisse
827 3793 917 3847 cundo
931 3797 1064 3867 tertioque
1080 3808 1220 3868 separatus
1236 3795 1335 3863 inerit,

275 3869 369 3923 Tullos
381 3869 463 3938 dnos,
473 3885 599 3944 patruum
610 3885 636 3925 ot
646 3889 781 3946 nepotem,
827 3875 924 3946 quibus
947 3874 1033 3927 tribus
1063 3876 1215 3946 conjunctis
1236 3873 1336 3928 Noster

275 3949 418 4020 siqnificet,
432 3949 782 4023 snbdlversoqnornmno·
825 3951 934 4006 titulum
949 3953 1072 4005 Gratata
1098 3954 1270 4026 inscripserit.
1288 3955 1335 4007 Vi·

275 4031 346 4080 mine
357 4028 460 4100 aliquot
468 4043 554 4101 poeta
564 4032 648 4083 nostri
658 4033 780 4085 cannino
825 4029 859 4085 de
885 4045 942 4083 not.
963 4029 1031 4084 libro
1054 4035 1064 4084 l
1088 4033 1247 4104 premissam
1269 4051 1331 4108 pap.

204 4149 206 4152 .
273 4105 516 4179 prodeant.llnnm
528 4109 781 4182 eumdemqae'l'nl-
825 4109 870 4164 ³5.
887 4110 935 4162 Fas.

272 4186 346 4252 lons,
357 4189 507 4258 juniorem,
519 4189 631 4243 lucinius
642 4207 689 4242 nos
702 4207 780 4258 enm,
862 4206 886 4242 a.
902 4187 968 4242 Vide
983 4203 1039 4242 not.
1052 4191 1079 4255 l,
1094 4189 1127 4257 6,
1141 4189 1184 4256 34.
