2870 4968
346 472 407 550 ιιι
646 466 1081 536 promeruerat.
1138 555 1140 558 ¹

387 603 498 686 Quam
510 621 614 692 supra
625 597 728 667 uullae
741 596 935 691 pendebant
945 596 1058 666 debite
1069 620 1160 665 curae

434 710 577 779 Roscida
588 709 729 778 desertis
740 709 843 802 po'ma
854 708 919 776 sub
930 707 1125 790 arboribus,

388 826 429 888 Et
440 824 568 890 circum
579 823 706 913 irriguo
716 819 900 913 surgebant
912 817 982 888 lilie
994 835 1091 912 preto

432 929 581 998 Candida
596 933 775 1024 purpureis
787 935 892 998 mixta
902 929 1139 1024 papaveribus,

386 1046 470 1129 Quae
481 1041 584 1110 modo
595 1040 781 1136 decerpens
794 1059 909 1110 tenero
921 1039 1097 1134 pueriliter
1109 1043 1239 1133 ungui,

436 1154 611 1245 Proposito
622 1150 743 1220 llorem
754 1149 903 1245 praetulit
913 1147 1042 1232 officim

388 1265 431 1330 Et
441 1260 543 1330 modo
554 1262 711 1330 formosis
726 1262 927 1330 incumbens
939 1263 1075 1330 nescius
1087 1260 1206 1343 undis,

436 1370 595 1440 Errorem
606 1371 740 1442 blandis
752 1371 863 1441 tardat
873 1369 1085 1465 imaginibus.

388 1481 543 1552 Tandem
556 1481 692 1551 haurire
704 1499 801 1576 perat
811 1481 966 1550 demissis
979 1479 1120 1549 flumine
1132 1479 1271 1574 palmis,

436 1595 577 1662 innixus
589 1593 709 1663 dextro
721 1591 822 1688 plena
834 1593 972 1662 trahens
984 1591 1137 1661 humero.

389 1705 493 1800 Cujus
505 1721 544 1774 ut
555 1729 707 1776 aecensae
718 1704 871 1800 Dryades
883 1703 1030 1774 caudore
1042 1703 1166 1798 puellae

402 1841 403 1846 ¹
436 1819 566 1886 Miratae
579 1817 695 1886 solitos
707 1815 893 1885 destimere
901 1815 1040 1900 choros,

391 1925 591 1996 Prolabsum
602 1925 721 1996 leviter
731 1925 820 1995 faciti
833 1945 964 1994 traxere
979 1925 1119 2021 liquore.

437 2041 528 2106 Τιιιιι
541 2041 688 2106 sonitum
702 2057 799 2132 rapto
811 2059 954 2130 corpore
966 2037 1045 2106 lecit
1056 2037 1173 2131 Hylas.

393 2149 454 2214 Cui
466 2147 586 2240 procul
598 2145 841 2242 Alcideshiterat
854 2171 1017 2240 responsa
1030 2171 1038 2214 :
1052 2141 1112 2215 sed
1124 2143 1171 2213 illi

306 2341 310 2348 '
383 2341 427 2394 35.
450 2341 540 2396 Nullo
561 2361 630 2396 eune
650 2342 755 2408 debita,
776 2341 854 2394 nulle
897 2344 959 2414 giu·
972 2359 1030 2394 ιιιιι.
1039 2333 1396 2413 Ειιιοιὶιιροιῐιιιιμιαιι

347 2421 483 2476 bominum
495 2425 553 2476 arti.
565 2422 657 2480 Nulloe
666 2443 717 2496 pro
726 2422 810 2487 nulli,
825 2437 854 2476 ut
898 2439 936 2474 ιι.
951 2417 1240 2479 uulnerauerunt
1249 2417 1398 2472 etlluiroel:

348 2503 427 2554 etiem
438 2501 522 2554 l'laut.
534 2503 592 2554 Mil.
604 2503 679 2556 Glor.
688 2503 742 2570 111,
755 2502 853 2568 mod.
901 2521 914 2548 ι
927 2500 1051 2552 Ειιοιιιιιι
1063 2517 1141 2552 raum
1152 2497 1265 2572 (eorpus
1284 2517 1339 2554 erte
1353 2515 1397 2570 pn·

347 2581 388 2630 Sic
411 2580 458 2632 ιιιιί
482 2600 532 2652 pro
556 2583 635 2634 unius
657 2581 730 2653 apud
757 2579 853 2634 Catuli.
900 2591 972 2646 tans,
990 2577 1063 2650 quod
1073 2577 1166 2632 umbre
1179 2589 1206 2630 et
1219 2579 1312 2650 imago
1323 2575 1399 2645 estet)

348 2655 437 2724 XVII,
455 2676 498 2728 ¹7·
512 2657 580 2712 Vide
598 2673 625 2712 et
635 2661 783 2728 Nostrum,
798 2659 853 2726 lll,
900 2659 1050 2732 longiorem
1061 2658 1150 2713 reddit
1160 2658 1290 2734 „blande
1306 2656 1398 2712 stadii·

352 2752 400 2801 ιι,
425 2736 469 2808 57.
489 2765 525 2778 -
542 2739 595 2790 sut
617 2739 767 2801 arboribur3
790 2755 856 2808 pro·
900 2739 990 2792 dene·
1006 2739 1055 2792 eibi
1070 2735 1397 2810 simulacrarpeetando.·

349 2817 407 2942 pris
427 2815 526 2868 dictum
551 2819 615 2880 tuln
646 2817 765 2888 pendent
785 2819 856 2870 enirn
935 2814 1398 2885 43.Flumitta‚undem,uth‚9‚

361 2905 451 2946 ructus
464 2893 556 2946 subter
574 2894 608 2946 de
625 2897 705 2946 remis
720 2894 854 2948 arborum.
902 2895 946 2950 36.
957 2897 1114 2950 -lnnixus
1122 2896 1210 2949 dextro
1229 2896 1354 2960 humero,
1366 2896 1400 2945 in·

386 2967 430 3038 do.
444 2973 609 3045 Propositum
620 2971 750 3045 officium.
763 2975 857 3026 Memi-
901 2973 1016 3027 elinatut
1028 2977 1114 3028 nitens
1125 2973 1238 3026 brachio
1251 2974 1353 3027 dextro.
1365 2973 1400 3024 sie

352 3053 439 3104 nimus
450 3050 514 3122 quid
527 3055 560 3104 sit
571 3071 603 3104 ex
612 3053 730 3106 versibus
742 3053 855 3120 23-24.
902 3051 968 3122 eleg.
989 3053 1035 3117 16,
1056 3053 1109 3121 42,
1129 3050 1218 3106 orcula
1242 3055 1309 3106 nixa
1329 3052 1400 3112 dicit,

387 3126 431 3196 ‘l'-
450 3129 574 3196 Nescius,
598 3133 736 3200 incautus,
755 3135 858 3204 perieu-
902 3130 955 3186 hoc
974 3145 1030 3198 est,
1049 3151 1107 3204 quae
1121 3131 1168 3184 dat
1182 3131 1326 3186 inclinatur
1341 3147 1402 3182 area·

353 3207 407 3261 lum
430 3229 483 3264 non
510 3215 631 3284 cogitans
655 3231 713 3266 esse
737 3214 796 3266 sibi.
823 3244 859 3255 -
902 3225 1019 3264 torcutn
1035 3213 1099 3264 nixu
1112 3210 1405 3264 lirnini.·-Plenatrtr·

351 3289 479 3344 For-mosis
503 3293 586 3346 undis.
610 3295 691 3346 Inane
713 3295 858 3346 Burmanni
904 3289 966 3344 bens
979 3309 1048 3360 urna
1058 3309 1105 3343 sua
1106 3291 1236 3368 stramina.
1245 3287 1404 3360 Pleno,ple·

352 3381 534 3422 commentum
562 3385 619 3438 est,
643 3371 695 3424 boc
722 3372 858 3444 epitheton
903 3368 1046 3440 ne5l1ujue
1061 3373 1148 3422 neutri
1162 3367 1277 3423 vidimus
1294 3365 1404 3439 exempla

353 3447 491 3500 referentis
501 3449 535 3502 ad
545 3452 699 3521 imaginem,
708 3470 787 3524 quem
797 3453 859 3504 fons
905 3451 971 3522 eleg.
986 3453 1031 3518 16,
1045 3451 1087 3504 26.

353 3523 440 3578 reddit
451 3545 600 3598 expressam
610 3531 695 3599 pueri.
711 3529 779 3582 Satis
789 3531 859 3582 enim
941 3529 985 3598 45.
1002 3531 1082 3603 Cujus
1089 3549 1099 3591 ,·
1111 3528 1163 3582 boe
1173 3541 1232 3597 est,
1246 3528 1359 3584 humeri.

356 3617 476 3669 constat,
489 3605 514 3656 ri
525 3623 618 3658 sensus
630 3607 685 3658 fere
694 3605 768 3658 nulla
780 3608 861 3679 poni,
941 3609 987 3677 47.
995 3608 1107 3680 liquore
1113 3607 1209 3679 facili,
1220 3607 1316 3664 cedere
1327 3605 1405 3670 facili,

357 3701 415 3752 quae
427 3679 557 3756 pleraque
572 3681 674 3756 lingunt
684 3684 804 3756 formosa
815 3705 861 3738 re·
906 3702 936 3742 ut
947 3687 1065 3760 loquitur
1073 3687 1139 3759 eleg.
1160 3704 1204 3754 ιι,
1223 3705 1264 3740 ιι.

357 3775 441 3827 teres,
457 3761 570 3833 qualiter
582 3763 625 3816 hic
637 3783 698 3816 vere
713 3767 862 3838 Propertius
941 3767 985 3835 49.
1001 3765 1049 3818 Cui
1061 3765 1156 3839 procul
1168 3765 1275 3818 Alcides
1286 3768 1362 3818 iterat
1372 3781 1407 3815 re·

356 3837 488 3910 loquitur,
501 3857 530 3896 ut
540 3843 630 3896 etaliis
637 3845 777 3915 permultis
787 3845 860 3898 locis.
906 3865 1008 3919 sponsa,
1022 3859 1072 3898 etc.
1084 3849 1177 3917 Neque
1188 3844 1277 3911 banc,
1290 3861 1368 3916 quam
1379 3841 1407 3892 li·

358 3919 514 3992 Videsupra
529 3921 595 3992 eleg.
616 3941 648 3991 ι,
670 3942 703 3994 95
721 3925 755 3992 4,
775 3943 807 3996 7;
824 3927 863 3996 11,
908 3925 949 3978 bri
965 3944 1059 3976 omnes
1077 3927 1237 3996 preferant,
1254 3927 1406 3996 scripturam

363 4014 410 4068 ¹9,
430 3998 479 4062 255
501 4001 549 4067 lV,
571 3999 605 4069 4,
625 4001 669 4054 32.
687 4031 723 4042 -
742 4004 862 4056 Errnrem
907 4004 1021 4074 probare
1036 4021 1162 4076 possum,
1181 4021 1232 4056 uec
1249 4003 1407 4073 ingeniosam

245 4120 246 4123 ,
360 4079 463 4142 tardat,
477 4097 577 4130 moram
592 4083 655 4133 facit
670 4083 770 4148 itineri,
788 4082 862 4136 blan·
906 4085 1039 4138 Fonteinii
1058 4081 1240 4156 llaecblriique
1255 4081 1408 4136 emendabo

361 4155 862 4231 disimoqiuibus,blaudacaptusirnrt·
908 4183 969 4218 nem
989 4164 1162 4218 scribentium
1189 4183 1221 4215 ex
1248 4161 1406 4215 Theocrito:
