2826 4978
332 453 398 518 512
624 448 890 514 PROPER'HI
914 451 1004 514 ΗΒ.
1032 453 1093 515 lv.

424 579 465 642 Et
476 597 552 641 mea
563 577 738 642 nocturnis
750 577 830 642 trita
842 573 990 642 fenestra
1001 571 1111 642 dolis?

376 691 440 754 Per
453 709 557 780 quam
568 684 715 753 demisso
728 685 860 780 quoties
873 683 933 752 tibi
947 685 1029 754 fune
1041 685 1202 780 pependi,

424 797 562 864 Alterna
576 799 714 866 veniens
726 800 762 864 in
774 813 833 864 tua
845 795 931 865 colla
942 805 1065 864 manu!
1240 867 1243 872 ,

375 912 470 1000 Saepe
482 913 598 974 Venus
611 911 710 975 trivio
723 909 919 989 commissa,
935 923 969 974 et
980 925 1118 1000 pectore
1129 911 1226 976 mixto

425 1023 592 1086 Fecerunt
602 1017 733 1111 tepidas
745 1015 845 1110 pallia
858 1034 975 1086 nostra
987 1021 1068 1086 vias.
1329 1046 1355 1081 ιο

377 1126 524 1196 Foederis
536 1127 604 1196 heu
616 1130 723 1195 taciti!
740 1123 838 1219 cujus
850 1125 981 1196 fallacia
993 1127 1097 1195 verba

368 1225 370 1230 ¹
423 1242 499 1307 Non
511 1237 661 1306 audituri
674 1237 844 1332 diripuere
857 1241 944 1306 Noti.

377 1355 419 1416 At
431 1348 515 1416 mihi
526 1374 596 1417 non
609 1348 726 1418 oculos
739 1353 920 1444 quisquam
931 1347 1108 1418 inelinavit
1117 1365 1243 1418 euntes.

423 1467 539 1557 Unum
553 1463 809 1562 impetrassem,
822 1478 855 1528 te
867 1479 1064 1547 revocante,
1079 1463 1181 1530 diem.

378 1577 447 1639 Nec
458 1577 590 1664 crepuit
604 1572 683 1641 fissa
695 1597 749 1641 me
762 1589 903 1666 propter
912 1575 1082 1642 arundine
1093 1594 1221 1658 custos,
1332 1585 1355 1636 1⁵

423 1685 525 1752 Laesit
537 1699 570 1752 et
583 1681 756 1777 objectum
768 1681 882 1776 tegula
896 1702 992 1752 curta
1005 1701 1119 1778 capnt.

329 1833 415 1886 biaed
426 1834 538 1887 Coelium
553 1850 687 1902 montem,
703 1855 789 1888 seram
807 1839 835 1890 in
918 1837 962 1890 25.
978 1838 1035 1890 Nec
1052 1837 1154 1909 crepuit
1165 1835 1276 1909 fissam..
1290 1831 1357 1908 tepula

329 1928 435 1968 noctem
454 1935 558 1988 semper
572 1915 706 1968 clamosus
722 1935 753 1968 ee
770 1929 836 1968 stre·
879 1926 953 1966 crarta
976 1929 1064 1989 caput.
1088 1919 1217 1988 Propertii
1238 1916 1319 1976 locut,
1336 1925 1358 1964 ut

329 2013 413 2066 pens,
428 1996 455 2046 in
467 2015 521 2066 quo
539 1997 661 2066 permixti
680 2014 816 2066 caupones
827 2033 834 2060 ,
881 1995 925 2048 alii
937 2010 1056 2050 veterum
1068 2017 1123 2050 non
1134 2000 1226 2068 pauci,
1235 1999 1261 2048 in
1270 2013 1358 2069 quont-

329 2073 483 2146 impudicre,
496 2073 626 2147 quidquid
637 2087 715 2146 turpe
727 2087 754 2126 et
765 2077 835 2148 puti-
879 2073 920 2127 bis
935 2077 1084 2147 ignorantia
1099 2096 1203 2142 rerum,
1215 2095 1269 2150 quae
1281 2073 1359 2128 tanin

328 2154 402 2207 durn.
426 2155 545 2229 Cynthiae
567 2157 648 2224 igitur
670 2155 834 2207 domicilium
880 2171 931 2205 utu
952 2155 1069 2220 fuerint,
1090 2168 1193 2207 certum
1209 2151 1359 2208 temneti-

330 2235 395 2300 t'uit,
406 2249 436 2286 ut
448 2237 505 2306 ipse
520 2234 609 2286 docet.
879 2232 931 2301 pit,
950 2231 1041 2284 relicta
1060 2231 1228 2306 solummodo
1245 2231 1359 2304 querenti·

368 2315 408 2367 18.
428 2315 538 2368 Alterue
561 2334 662 2382 manu,
686 2313 834 2368 alternatim
880 2310 931 2364 bus
957 2311 1069 2364 obscura
1095 2315 1299 2384 conjecturarum
1321 2313 1358 2362 tlt-

329 2391 550 2446 descendentibus
571 2413 619 2464 per
637 2396 729 2446 funem
749 2397 835 2447 mani·
879 2389 969 2457 Quare
989 2391 1069 2461 igitur
1090 2391 1156 2444 nihil
1184 2388 1360 2456 allirmo,ted,

329 2471 389 2524 bus.
404 2475 551 2524 Venustnm
564 2471 708 2526 distichon,
880 2469 973 2538 posltls
994 2469 1100 2522 duobus
1119 2471 1239 2526 versibus
1258 2471 1310 2534 hle,
1327 2466 1360 2520 uli

369 2551 490 2623 19.Soepe
502 2551 589 2600 Venus
599 2550 675 2602 trivio
686 2551 834 2618 commissa,
879 2547 993 2601 Codices
1022 2549 1171 2616 exhibent,
1201 2549 1302 2603 difficile
1324 2549 1361 2600 erit

329 2623 606 2688 intriviocom'missa;
621 2627 756 2700 quomodo
767 2649 836 2681 com·
880 2628 1040 2699 persuadere
1055 2630 1107 2682 eibi
1122 2649 1185 2682 curn
1200 2628 1361 2704 interpretibus

329 2707 416 2760 muros
426 2705 516 2773 ludos,
531 2707 695 2758 commiscum
706 2709 835 2774 Martem,
880 2707 937 2759 aliie
951 2709 1080 2762 mutodem
1091 2713 1246 2782 apponiturn
1261 2723 1360 2768 mortno,

327 2785 451 2844 dicimus.
466 2815 501 2825 -
520 2785 580 2840 Viae
591 2785 681 2857 pallia
696 2799 782 2840 nostm
794 2787 837 2858 fe·
881 2789 926 2858 qui
933 2786 998 2860 fissa
1009 2790 1140 2842 amndiue
1152 2789 1259 2860 (fistula
1270 2789 1305 2842 rel
1315 2805 1361 2840 ero·

327 2875 419 2918 cerunt
430 2865 544 2938 tepidas,
557 2884 605 2916 noa
616 2865 790 2936 tepefecimut
796 2869 838 2939 jas
880 2865 939 2920 talis
950 2867 961 2938 )
975 2880 1084 2940 propter
1104 2869 1219 2943 (juxta)
1246 2869 1361 2943 Cynthirn

327 2958 419 3000 center
433 2964 494 2998 curn
508 2948 646 2999 nocturnis
660 2947 757 3018 palliis.
879 2949 1023 3018 crepuerit,
1036 2967 1114 3000 tuum
1126 2951 1164 3002 ita
1179 2951 1319 3022 significatu
1332 2945 1362 2998 ol-

366 3043 409 3076 at.
422 3023 531 3076 Foederir
545 3023 595 3075 lieu
611 3025 702 3076 taciti!
723 3023 776 3078 heu
793 3045 834 3079 se·
880 3027 969 3077 licium
983 3025 1069 3098 vigilie
1079 3051 1086 3091 ;
1098 3032 1210 3083 omnino
1223 3053 1230 3080 :
1243 3033 1281 3083 Ne
1293 3039 1362 3082 cattos

327 3117 430 3156 cretum
453 3103 550 3154 amoris
568 3101 672 3154 toedust
692 3105 754 3156 Heu
772 3123 834 3156 cum
879 3103 988 3176 quidem
1009 3105 1112 3160 funebri
1133 3107 1203 3161 lecto
1222 3127 1281 3162 meo
1302 3107 1362 3158 datus

328 3183 448 3236 secundo
461 3201 538 3249 catu,
552 3195 581 3234 ut
595 3183 693 3234 Grrecie
706 3183 834 3236 familiare
879 3197 934 3250 eet,
955 3187 1016 3257 quio
1032 3197 1058 3238 et
1074 3189 1204 3260 objectum
1226 3199 1300 3261 eaput
1313 3184 1362 3239 teo't

329 3277 377 3315 est.
399 3265 456 3316 Nec
474 3261 550 3314 aliter
573 3259 699 3329 Plautus,
718 3263 832 3318 Mostell.
878 3273 952 3315 curta
965 3263 1054 3335 tepula
1071 3265 1163 3336 (quod
1180 3265 1226 3318 elii
1243 3266 1275 3320 de
1287 3261 1361 3336 lapidi

329 3341 378 3404 111,
391 3341 425 3407 3,
437 3359 471 3412 9:
485 3363 497 3384 ι
507 3340 539 3390 Di
550 3339 727 3392 inmortaleis!
740 3343 833 3394 merci-
878 3341 929 3394 bus
941 3343 1026 3396 missis
1038 3345 1066 3394 in
1081 3357 1214 3398 mortuam
1234 3345 1360 3416 accipiunt,

329 3421 403 3470 moui
417 3419 515 3490 lepidi!
530 3421 556 3472 Si
570 3417 658 3472 hercle
678 3440 747 3472 nune
766 3423 834 3476 ferat
879 3418 924 3470 olii
944 3417 977 3472 tle
997 3419 1085 3490 tegula
1104 3425 1240 3494 cogitant,
1258 3441 1308 3496 que
1324 3437 1360 3490 μῦ

329 3497 378 3551 Sex
388 3497 487 3552 talenta
497 3517 593 3569 magna
605 3501 705 3572 argenti
718 3520 766 3571 pro
778 3502 834 3554 ietia
878 3497 989 3568 pulvillo
1011 3502 1124 3570 turpiter
1142 3503 1226 3574 capiti
1248 3501 1361 3574 suppetit!

328 3579 832 3654 pmeenteria,Nunrqunmadcipiam.n
878 3577 984 3648 fuerit)
997 3576 1067 3630 Vide
1080 3598 1151 3632 nunc
1168 3599 1202 3634 an
1221 3601 1273 3633 non
1285 3581 1360 3632 metim

367 3658 408 3712 23.
424 3657 574 3724 Inclinare,
589 3657 835 3714 condere.-0cu.
879 3655 996 3720 faciant,
1012 3658 1059 3726 qui
1072 3657 1162 3712 sedem
1179 3657 1258 3732 hujus
1274 3653 1360 3712 distichi

329 3737 368 3790 [ος
381 3747 483 3799 cunm,-
503 3735 746 3808 abeuneee‚pu103
766 3739 835 3809 ἢθη.
878 3747 939 3805 post
954 3753 1056 3786 verarum
1076 3735 1229 3788 vicesimum
1246 3747 1359 3790 sntuuot:

329 3831 386 3869 rate
409 3835 458 3888 pro
482 3815 671 3882 morientibus,
697 3817 833 3888 quomodo
882 3812 977 3883 “Saepe
989 3813 1079 3865 Venus
1097 3815 1175 3868 trivio
1188 3819 1360 3880 cornutiumt

329 3895 833 3970 linguanostradiceresadesyeoani
879 3903 987 3960 pectore
1011 3894 1093 3944 mixto
1120 3895 1250 3948 fecerunt
1277 3889 1359 3962 tepidas

327 3975 380 4028 s'en
393 3987 462 4027 vont-
474 3997 485 4020 ι
497 4003 532 4012 -
545 3974 632 4026 Unum
645 3973 737 4026 saltem
748 3994 762 4028 a
773 3977 834 4028 Par·
878 3969 957 4041 pallia
968 3984 1059 4024 nostra
1070 3973 1134 4026 rias.
1147 3975 1204 4029 Nec
1215 3969 1359 4046 orpullfifl

328 4057 367 4107 cis
374 4053 452 4120 diem,
460 4063 483 4104 te
493 4066 642 4120 revocante,
653 4053 833 4124 impetrassem.
879 4077 921 4108 me
925 4071 1032 4132 propter
1038 4061 1169 4114 arundine
1177 4059 1359 4126 emutuit«

328 4133 465 4184 Sententia
479 4129 569 4184 cimilia
582 4132 620 4198 ll,
634 4149 681 4202 27,
697 4133 808 4187 15-16.
880 4137 1004 4208 objectum
1020 4140 1108 4211 tepula
1126 4153 1199 4194 curte
1213 4152 1290 4213 eaput·
1301 4161 1313 4185 ·
1329 4137 1356 4186 ¹¹²
