2808 4974
252 415 254 420 ¹
324 457 391 525 238
617 449 885 515 rnoranru
910 447 998 510 nm.
1026 447 1074 508 11.

368 589 425 652 Me
437 583 516 650 licet
527 579 637 648 aeratis
649 574 861 665 adstringant
871 569 1009 638 brachia
1018 568 1134 651 nodis,

416 695 488 762 Sint
499 714 574 758 mea
586 686 639 755 vel
652 691 783 754 Danaes
796 679 931 751 condita
945 679 1098 748 membra
1112 678 1232 746 domo:
1336 711 1365 745 ιο

370 810 456 872 Inte
468 825 531 893 ego
543 815 577 867 et
588 812 707 866 aeratas
720 817 893 886 rumpam,
906 815 983 858 mea
993 791 1076 874 vita,
1091 806 1245 868 catenas,
1324 855 1330 866 ,

417 919 589 980 Ferratam
601 913 732 974 Danaes
746 899 1001 997 transiliamque
1013 899 1166 968 domum.

369 1031 419 1094 De
432 1041 464 1092 te
477 1022 732 1119 quodcumque,
745 1017 789 1084 ad
801 1014 924 1084 surdas
935 1012 1018 1080 mihi
1033 1013 1156 1080 dicitur
1167 1035 1282 1080 aures:

417 1141 471 1204 Tu
482 1132 585 1202 modo
597 1156 640 1199 ne
652 1129 771 1197 dubita
783 1125 825 1195 de
838 1128 999 1220 gravitate
1012 1148 1098 1192 mea.

322 1343 412 1400 garam
425 1323 470 1376 hie
486 1321 662 1391 scripturam:
681 1316 759 1367 «Neo
769 1325 829 1365 tan·
872 1328 981 1382 superne
990 1309 1108 1362 Sollicito
1119 1307 1247 1380 lacrymas
1260 1305 1345 1386 destun
1354 1327 1368 1356 a

322 1419 379 1460 tum
388 1401 475 1454 Niobe
483 1400 524 1452 bis
534 1416 578 1450 sex
589 1395 624 1449 ad
633 1395 711 1446 busta
721 1393 830 1464 superba
873 1389 972 1464 Sipylo.
987 1415 998 1438 ι
1016 1389 1133 1462 Superne
1145 1407 1160 1440 a
1170 1387 1259 1460 Sipylo
1269 1387 1370 1449 defluit,

323 1483 443 1539 Sollicito
461 1477 589 1552 lacrymas
605 1474 710 1548 depluit
723 1495 737 1527 e
750 1475 824 1547 Sipy·
872 1468 925 1522 hoe
938 1481 994 1535 est,
1009 1467 1132 1540 desuper.
1147 1467 1191 1520 Sio
1205 1465 1317 1537 infinum
1330 1484 1370 1516 su·

321 1566 390 1632 lo,»
411 1561 598 1616 Lachmannns
617 1557 712 1610 refellit
729 1559 827 1609 exami-
871 1567 952 1623 perne
966 1547 1136 1620 lympharum
1149 1565 1234 1599 rorem
1250 1545 1312 1598 dicit
1325 1547 1371 1596 Ln-

323 1663 392 1700 nans
410 1665 417 1696 a
442 1643 498 1706 lta,
521 1641 624 1712 inquit,
647 1636 829 1692 Broultlrusiua
874 1629 971 1680 ⁰f⁰²l¹¹³
981 1627 1004 1692 1,
1017 1625 1085 1696 497,
1099 1638 1126 1676 0‘
1141 1623 1216 1678 mla
1229 1641 1333 1695 superne
1343 1623 1371 1674 de

323 1726 379 1780 heo
391 1742 447 1777 non
463 1724 518 1774 sine
532 1717 829 1779 temeritateformavit3
874 1705 938 1760 culo
958 1704 1068 1757 demissa
1088 1705 1126 1771 ll,
1151 1703 1217 1756 1152
1240 1722 1278 1775 sq.
1298 1700 1371 1770 Quod

324 1805 370 1858 alii
391 1804 442 1856 alia
461 1801 605 1854 commenti
626 1811 705 1861 sunt,
731 1795 829 1868 quibus
875 1798 1017 1858 superest,
1040 1784 1137 1834 mirum
1161 1781 1250 1836 multis
1273 1783 1371 1844 vuum,

323 1884 428 1936 omissis
439 1877 568 1934 Codicum
580 1878 724 1946 scripturas
739 1875 830 1945 potius
875 1877 980 1918 tantum
1005 1862 1112 1940 defluit,
1143 1879 1177 1914 ne
1202 1873 1229 1914 te
1254 1874 1370 1914 moretur·

324 1963 513 2016 examinemus.
533 1957 646 2006 Primum
660 1955 741 2022 igitur
758 1971 775 2002 α
790 1951 830 2004 Si·
875 1948 971 1996 Forma
983 1943 1076 1996 eadem
1088 1955 1128 1994 est
1141 1944 1178 2010 11,
1192 1959 1222 1993 at
1234 1979 1242 2006 ,
1256 1959 1283 2008 a,
1296 1942 1333 2005 ll,
1344 1958 1371 2010 9,

321 2039 388 2114 pylo
401 2037 501 2090 babent
513 2051 617 2097 omnes,
630 2030 703 2104 quod
717 2048 831 2082 curmu-
876 2024 925 2092 34,
942 2026 982 2091 11,
996 2025 1045 2088 25,
1058 2022 1106 2089 4ο,
1123 2025 1150 2074 in
1169 2022 1266 2092 quibus
1282 2023 1372 2092 pariter

323 2120 374 2170 tari
384 2110 642 2175 Heinsiusvoluerit,
655 2128 709 2160 non
720 2125 830 2180 possum
873 2105 962 2175 jungit
979 2101 1110 2156 voeabula
1135 2112 1260 2166 tantum,
1280 2112 1372 2152 mmet

326 2196 482 2267 intelligere.
510 2191 579 2244 Tum
603 2187 725 2260 depluit,
758 2185 831 2258 quod
875 2195 1005 2254 quantum
1029 2199 1091 2234 eum
1108 2179 1197 2234 verbis
1221 2181 1371 2252 Propertius.

323 2275 469 2330 Palmen'us
487 2271 660 2340 Groningano
684 2286 739 2319 non
759 2280 831 2318 recte
875 2261 936 2312 nae
947 2257 1151 2324 Lachmannus,
1163 2257 1243 2310 docte
1258 2271 1286 2309 ut
1298 2256 1372 2320 solet,

324 2356 435 2420 tribuit,
450 2351 540 2404 nullus
557 2349 626 2401 liber
642 2347 764 2409 exhibet;
781 2363 832 2400 neo
876 2341 953 2411 cujus
966 2357 1016 2390 nos
1032 2334 1111 2390 facile
1125 2336 1286 2406 persuadent
1300 2337 1372 2386 ratio·

324 2433 448 2506 displicet
467 2430 578 2509 defluere
600 2428 738 2480 transitive
758 2427 831 2497 posi·
877 2420 1024 2474 nse—De
1035 2429 1137 2468 mutata
1149 2415 1371 2468 NiobeSeuecain

325 2528 399 2580 tum,
419 2511 511 2588 defluit
531 2507 675 2579 lacrymas,
697 2518 727 2557 ut
745 2505 832 2576 lacry-
876 2501 1034 2568 Agamemn.
1046 2514 1084 2548 vs.
1098 2495 1166 2564 376:
1181 2495 1259 2548 «Stat
1270 2493 1373 2546 nuneSi-

324 2613 401 2647 mam
421 2590 494 2664 quod
515 2590 607 2660 scripti
625 2585 731 2659 quidam
748 2603 832 2655 agno·
876 2577 931 2652 pyli
940 2579 1038 2630 vertice
1049 2595 1154 2629 summo
1166 2575 1267 2630 Flebile
1277 2593 1372 2632 saxum

325 2665 833 2745 mantnentiqtiamprobem.13ffluere
877 2661 910 2710 Et
924 2657 1011 2710 adbuc
1031 2655 1162 2728 lacrymas
1179 2674 1310 2710 marmora
1322 2655 1372 2708 luu-

325 2753 490 2807 Claudianus
500 2752 583 2802 active
593 2765 657 2800 usus
670 2759 708 2800 est
718 2747 744 2798 in
756 2743 831 2798 Prob.
878 2737 946 2790 dunt
964 2737 1082 2808 Antiqua
1103 2754 1219 2788 novas·
1244 2735 1372 2788 Pausanias

325 2847 352 2888 et
363 2832 441 2905 Olyb.
453 2832 532 2882 Cone.
542 2847 580 2880 vs.
597 2827 628 2880 51
646 2849 652 2878 ι
674 2825 832 2892 uQuantum
877 2819 956 2868 etlam
971 2816 1000 2866 ln
1016 2815 1098 2866 Attic.
1113 2832 1173 2885 cap.
1192 2831 1220 2864 21
1233 2851 1241 2880 ,
1253 2811 1372 2866 viderila·

326 2928 419 2985 stagna
428 2913 496 2983 Tagi
505 2907 615 2962 rudibus
626 2905 750 2959 stillantia
760 2905 833 2958 venis
876 2896 966 2967 pidem
987 2895 1067 2947 istum
1087 2892 1182 2964 procul
1206 2890 1372 2965 spectantibus

326 2992 463 3070 Effluxere
476 2989 581 3042 decus..
598 2987 689 3046 Idem,
704 2985 738 3038 de
748 2981 832 3036 Laud.
877 2979 955 3050 quasi
971 2987 1126 3028 moerentern
1146 2993 1178 3026 ao
1194 2974 1370 3048 lacrymantem

327 3071 429 3127 Stilicb.
443 3072 482 3136 ll,
496 3069 562 3121 262:
579 3069 664 3119 «Post
678 3065 726 3117 bas
743 3067 834 3118 OEno·
877 3057 1004 3108 feminam
1013 3066 1135 3106 testatur.

326 3135 835 3209 trialentisVitibusintorquenshede-
914 3153 942 3205 9.
961 3137 1065 3188 AEratos
1083 3132 1165 3188 nodos
1179 3145 1276 3204 potes,
1295 3131 1316 3182 si
1328 3129 1371 3192 ris,

326 3243 380 3290 eas,
393 3235 419 3276 et
432 3221 543 3294 palmite
554 3219 628 3290 largo
640 3213 711 3272 Vina
710 3217 832 3293 fluenta
878 3214 1026 3285 intelligere
1045 3211 1206 3266 Promethei.
1226 3241 1260 3254 -
1285 3212 1372 3262 uam

324 3303 378 3360 Sed
399 3321 482 3373 porro
499 3298 573 3361 vide,
592 3316 671 3369 quam
687 3299 777 3366 inepte
791 3293 835 3348 bio
880 3295 985 3358 domun·
994 3287 1098 3364 fertote
1107 3289 1214 3356 domus,
1225 3297 1372 3344 utmorem

326 3381 414 3435 Niobe
429 3379 537 3450 superba
550 3375 668 3442 dicatur,
688 3393 744 3446 quae
753 3373 835 3450 flebi-
880 3391 987 3440 earoer,
1003 3375 1031 3424 in
1048 3389 1101 3444 quo
1116 3373 1204 3424 tenuit
1222 3371 1329 3422 Danaen
1340 3367 1372 3416 in-

326 3459 473 3514 distentius
494 3454 623 3526 adpellari
644 3465 762 3524 poterat,
784 3451 834 3504 uisi
879 3453 982 3508 elusam
991 3453 1109 3506 Acrisius
1121 3449 1371 3522 patere-Membra

326 3551 471 3608 utrumqne
504 3536 668 3604 conjungere
701 3527 833 3598 volebat,
878 3531 1122 3605 oorpus,uteleg.
1142 3531 1191 3600 16,
1212 3531 1260 3597 ι4;
1279 3531 1370 3599 isipse,

327 3616 404 3690 quod
417 3614 529 3670 Ovltllua
543 3613 607 3664 fecit
622 3607 748 3662 Heroidd.
767 3607 833 3674 XX,
878 3611 913 3666 de
924 3631 978 3684 quo
995 3630 1083 3666 sermo
1096 3623 1146 3664 est,

330 3697 380 3752 105
395 3715 435 3768 sq.
458 3697 586 3747 Praeterea
608 3688 675 3744 illud
694 3688 834 3760 epitheton
918 3707 958 3744 rt.
971 3693 1005 3744 Iu
1019 3701 1059 3756 te,
1073 3693 1113 3744 tui
1125 3708 1189 3759 ergo
1199 3727 1208 3756 ‚
1219 3703 1251 3744 ut
1259 3708 1300 3742 me
1311 3700 1370 3738 maus

325 3779 405 3832 nimis
420 3777 516 3829 inseite
531 3773 655 3846 prolecto
672 3771 834 3824 collocatum
879 3790 955 3826 amor
965 3773 994 3824 in
1006 3784 1032 3822 te
1043 3771 1119 3824 feret.

326 3871 381 3924 est,
395 3858 472 3930 qnasi
486 3837 558 3908 busta
573 3853 681 3926 superba
695 3849 777 3904 dieat.
792 3847 835 3902 Ad
859 3878 861 3882 .
918 3853 958 3906 13.
972 3853 1013 3904 De
1032 3861 1057 3904 te
1073 3849 1274 3923 quodcumque,
1293 3839 1370 3915 supple

326 3936 379 3989 laoe
389 3935 449 3988 libri
464 3933 585 3986 meliores
598 3949 655 3984 nou
664 3930 773 4002 superba
784 3926 834 3982 ba·
879 3932 975 3986 diritur
984 3929 1066 3994 milti,
1078 3928 1153 4002 quod
1164 3928 1207 3980 bis
1222 3929 1251 3980 in
1260 3943 1330 3982 versu
1339 3920 1370 3972 ib·

326 4015 412 4080 bant,
432 4013 477 4065 sed
502 4011 608 4082 superbe
632 4021 678 4062 aut
699 4007 833 4080 superius,-
878 4008 1049 4080 telligendunr
1068 4021 1116 4062 est.
1137 4007 1320 4078 Quodcumque
1332 4017 1369 4052 au·

281 4101 283 4104 ’
325 4093 399 4148 unde
408 4109 497 4145 veram
508 4089 650 4142 lectionem
661 4087 737 4140 nullo
748 4105 834 4156 nego·
878 4099 947 4156 tem,
966 4087 994 4140 id
1019 4101 1076 4154 ost,
1095 4085 1286 4158 quodcumque
1306 4079 1367 4134 malit

271 4181 275 4187 '
326 4177 364 4227 tio
388 4171 565 4225 extundimus.
589 4173 723 4240 Depone:
746 4189 758 4214 ι
776 4169 832 4220 Nee
877 4167 978 4240 dequo
996 4184 1092 4237 genere
1110 4165 1256 4220 locutionis
1271 4161 1301 4216 ad
1315 4159 1367 4224 eleg·

326 4267 431 4307 tantum
449 4250 553 4318 Niobe,
569 4248 609 4301 bis
628 4265 673 4300 sex
689 4245 833 4314 aribasto,
882 4267 926 4318 19,
946 4265 993 4317 27,
1015 4245 1175 4298 notavimus.
1194 4275 1232 4284 -
1250 4241 1367 4301 Gravius,
