2808 4974
319 461 381 528 160
612 460 878 526 PROPERTH
903 460 990 525 LIB.
1019 461 1064 526 11.

357 590 400 652 Et
412 601 590 680 quantum,
602 584 709 653 AEolio
724 609 832 679 quum
846 601 955 653 tentat
966 587 1117 654 carmina
1127 585 1272 679 plectro,

404 702 469 764 Par
479 700 683 790 Aganippeae
695 696 813 764 ludere
826 695 926 766 docta
937 697 1040 792 lyrae;
1325 732 1351 766 ιο

358 812 400 874 Et
410 832 472 876 sua
483 831 591 902 quum
604 811 753 903 entiquae
768 812 947 877 committit
959 814 1087 904 scripta
1100 814 1276 895 Corinnae,

401 922 627 1014 carminaque
640 923 784 988 Erinnes
799 945 869 988 non
881 937 980 1012 putat
992 946 1090 1017 aequa
1103 927 1185 992 suis

355 1033 445 1096 Num
456 1028 516 1096 tibi
530 1033 683 1098 nascenti
697 1047 731 1098 et
743 1032 880 1123 primis,
895 1056 972 1098 mea
986 1034 1069 1114 vite,
1085 1033 1206 1102 diebus

400 1138 572 1208 Candidus
584 1156 743 1234 argutum
757 1143 902 1208 sternuit
913 1167 1013 1210 omen
1028 1149 1153 1212 Amori

355 1249 506 1316 Haectibi
521 1250 1151 1338 contuleruntcoelestiamuneradivi;
1327 1268 1353 1321 25

402 1367 483 1430 Haec
496 1362 557 1430 tibi
572 1387 616 1430 ne
628 1378 772 1434 matrem
786 1365 873 1432 forte
887 1364 1019 1434 dedisse
1032 1383 1143 1459 putes.

355 1477 446 1554 Non,
462 1497 532 1540 non
546 1471 687 1541 humani
699 1489 780 1542 sunt
791 1491 909 1567 partus
923 1475 1003 1544 telio
1014 1475 1121 1564 dona,

401 1589 469 1652 lsta
482 1582 600 1653 decem
612 1609 747 1656 menses
761 1611 832 1654 non
846 1611 1008 1682 peperere
1019 1589 1120 1658 bone.

306 1749 388 1782 uxore
397 1729 522 1785 hebuerit
532 1752 639 1786 nornen.
650 1731 718 1785 Vide
727 1735 812 1806 Heyn.
859 1749 931 1787 runt.
943 1737 1053 1807 Scripsit
1068 1735 1167 1788 Erinne
1184 1735 1267 1809 lyrico
1282 1733 1354 1788 ethe-

306 1819 456 1874 Observatt.
470 1821 739 1892 udllomer,1liad,0‚
751 1824 813 1893 ⁵90·
858 1817 933 1868 roien
942 1829 1016 1869 tento
1023 1819 1152 1869 estimato
1160 1819 1258 1888 pretio,
1268 1829 1295 1867 ut
1303 1833 1355 1868 cum

305 1927 342 1937 ·-
362 1897 481 1952 AEolium
508 1900 659 1974 plectrum,
686 1901 814 1954 Lesbium
859 1895 1355 1967 Homericiscornperurentur.Coaevem

306 1975 441 2049 Sapphus.
454 2007 489 2020 -
503 1981 589 2032 Docta
607 1979 717 2046 ludere,
733 1979 814 2032 docta
858 1972 931 2025 iiiam
949 1974 1060 2047 Sappho
1074 1988 1101 2026 et
1115 1977 1230 2027 amicum
1239 1974 1333 2028 hebuit.

305 2075 364 2129 quae
380 2057 471 2123 ludat,
486 2077 538 2130 par
552 2058 714 2132 Aqanippeoe
734 2058 814 2130 iyroe,
896 2055 939 2110 23,
951 2057 1025 2108 Num
1043 2054 1089 2106 riti
1106 2056 1224 2107 nascenti
1237 2065 1264 2106 et
1274 2054 1356 2126 primis

305 2152 359 2188 non
385 2135 496 2186 inferius
518 2135 602 2187 Musis
625 2138 700 2208 ipsis.
724 2165 759 2176 -
778 2138 814 2188 Et
859 2133 954 2185 diebus.
972 2132 1356 2205 Rectecopuiamistametio·

303 2233 383 2287 quum
393 2217 489 2288 scripta
499 2235 547 2268 sua
560 2219 681 2270 Corinnoe
690 2218 814 2271 commit·
859 2216 943 2266 seruit
953 2213 1152 2268 Lachmannus.
1168 2217 1199 2266 ln
1213 2214 1312 2286 vulgari
1322 2213 1356 2264 le·

304 2295 349 2360 tit,
362 2294 389 2346 id
401 2307 454 2362 est,
466 2296 587 2348 Curione
597 2297 719 2368 scriptis,
733 2295 813 2368 plane
858 2295 962 2360 ctione,
977 2294 1068 2345 nNum
1078 2292 1126 2344 tibi
1138 2292 1355 2364 nescentiprimit,

304 2385 334 2424 ut
351 2373 507 2426 Mimnermi
524 2393 609 2426 versus
620 2373 681 2447 pius
696 2376 812 2428 Homero
858 2393 917 2426 mea
930 2376 999 2440 vite,
1018 2373 1132 2440 diebus,
1148 2397 1159 2420 ι
1174 2374 1280 2426 videtur
1292 2373 1357 2426 nesci

303 2451 389 2504 valere
401 2451 511 2520 dicitur,
525 2451 585 2525 plus
598 2457 706 2506 Homeri
716 2473 811 2519 versu,
857 2472 905 2524 per
918 2451 1009 2524 plures
1021 2451 1078 2506 dies
1093 2452 1216 2525 Cynthia.
1232 2456 1293 2506 Mox
1305 2452 1355 2504 Au·

302 2532 331 2596 1,
351 2549 384 2601 9,
409 2550 448 2585 rt:
468 2533 567 2604 insigni
588 2553 677 2587 errore
695 2533 814 2587 Kuiuoel
856 2551 912 2586 reus
927 2534 1012 2586 Amor
1029 2547 1193 2604 occeperunt
1209 2533 1246 2586 ab
1260 2534 1354 2586 Heinsio

302 2632 400 2666 nomeu
414 2616 533 2668 Corium
542 2615 692 2667 secundum
703 2635 760 2668 esse
769 2635 812 2668 ce·
856 2612 989 2677 editores,
1007 2615 1099 2684 scripti
1119 2610 1179 2664 iibri
1196 2632 1279 2685 quum
1290 2611 1356 2665 Ardi-

303 2711 362 2744 sum
378 2695 505 2764 opinatus
524 2696 641 2766 accipit:
662 2697 699 2746 Et
716 2696 811 2768 scripta
856 2693 924 2760 dus,
944 2694 1067 2760 Arduus,
1085 2692 1127 2746 vei
1147 2695 1246 2748 Aridus
1263 2695 1353 2748 demut.

302 2792 348 2826 sua
366 2789 424 2825 eum
441 2775 560 2827 Corinnae
572 2776 676 2844 scriptis
690 2774 812 2828 commit·
859 2773 990 2824 candidus
1002 2771 1073 2826 idem
1085 2771 1272 2826 Lachmannus
1286 2791 1355 2843 repo-

302 2856 354 2914 tit,·
375 2857 450 2924 cujus
472 2856 563 2907 formae
583 2873 674 2908 versus
694 2868 734 2908 est
758 2854 810 2908 hoc
855 2852 912 2917 nit,
930 2851 1071 2902 M³0r⁰bi⁰
1090 2863 1217 2917 ῦΰῦῑῠΐθ,
1237 2853 1297 2924 quis
1315 2847 1355 2900 “bi

302 2932 371 2986 libro
385 2935 506 3004 positus,
522 2933 588 3004 eleg.
608 2935 642 3001 8,
662 2935 705 2987 23.
718 2935 810 2988 Corin.
855 2927 889 2980 de
907 2927 1066 2982 differentiis
1087 2943 1114 2982 et
1135 2931 1264 2983 societate
1281 2927 1356 2984 Greci

301 3016 503 3067 neexstiterunt
512 3013 708 3086 duae3'1'hespie
718 3013 809 3080 altere,
854 3009 993 3082 Latinique
1013 3009 1088 3062 verbi
1111 3011 1183 3082 egit,
1207 3029 1269 3082 pag.
1290 3010 1355 3077 692,

302 3091 384 3146 nitere
397 3091 525 3146 Thebana
537 3106 584 3146 sut
595 3094 756 3164 Tanagree,
770 3093 809 3144 fe·
854 3088 1014 3140 versiculum
1031 3090 1068 3140 ita
1089 3087 1193 3140 adfert:
1210 3111 1222 3135 ι
1235 3085 1354 3139 Candidus

301 3191 371 3223 marn
387 3186 501 3242 utreque
522 3169 671 3243 pangendis
689 3171 809 3224 versibus
854 3171 977 3244 Anqustoe
988 3171 1101 3223 sternuit
1114 3189 1193 3222 omen
1203 3171 1293 3222 Amor.
1303 3193 1314 3215 ι
1327 3169 1355 3218 Et

301 3249 415 3322 adepte,
436 3271 549 3324 querum
565 3249 731 3302 diciturhaec
745 3251 825 3302 Pin-¹
855 3248 963 3322 quidem
982 3252 1104 3302 Pontsno
1121 3249 1282 3301 vocabulum
1292 3243 1354 3298 istud

301 3329 492 3403 derumipsum
505 3331 810 3403 vicheequinquies.-
853 3327 979 3402 Augusto!
1005 3327 1147 3382 lectionem
1174 3339 1354 3401 suggesserat,

295 3410 481 3482 ,Caminaque
498 3412 627 3472 Erinnes,
644 3422 695 3462 etc.
717 3411 809 3462 Lectio
853 3406 1047 3479 preferendum
1065 3407 1266 3460 Hemsterhusio
1279 3401 1354 3457 Lech·

300 3489 442 3561 prebende
462 3489 537 3553 brec,
559 3507 575 3540 a
594 3491 744 3541 Burmanno
765 3509 810 3542 re·
854 3504 1005 3558 stannoque
1030 3487 1133 3554 visam,
1155 3486 1288 3538 Candidus
1313 3502 1355 3535 au·

301 3565 398 3640 cepta,
422 3587 502 3641 quern
525 3567 650 3620 exhibent
674 3569 758 3618 Kuin.
782 3582 809 3621 et
851 3575 1124 3637 pastum....omen.·
1144 3563 1192 3616 sed
1209 3584 1240 3618 ex
1255 3561 1354 3616 Codici-

300 3648 463 3702 Lachmann.
479 3649 647 3702 versiculum
660 3651 687 3700 in
704 3651 808 3720 scriptis
854 3643 904 3696 bus
931 3641 1045 3696 aiterum
1064 3655 1155 3696 tenere
1179 3646 1278 3696 certius
1296 3642 1353 3706 en't,

300 3725 373 3780 libris
389 3730 618 3799 corruptissimum
635 3726 750 3780 Volscus
767 3747 808 3781 re·
853 3733 994 3796 argentm,
1016 3723 1090 3794 quod
1108 3741 1159 3775 nec
1178 3743 1286 3777 sensum
1303 3725 1355 3774 int·

301 3809 402 3872 stituit,
417 3809 468 3860 nisi
485 3807 558 3881 quod
573 3809 668 3860 vitiose
681 3809 807 3860 Gemina
852 3815 928 3873 ptum
943 3802 1015 3853 facit.
1027 3802 1167 3854 Stemuere
1181 3815 1287 3868 autem,
1301 3815 1353 3862 ret,

300 3904 358 3959 puoe
367 3885 478 3938 'dederet
487 3905 536 3958 pro
546 3887 729 3961 Caminaque.
738 3888 807 3940 Ante
852 3897 882 3934 ut
891 3885 1002 3950 scimus,
1012 3883 1093 3936 tausu
1102 3886 1207 3936 ominis.
1219 3883 1354 3956 Aryutum,

299 3967 483 4016 Burmannum
504 3979 577 4030 eret,
602 3966 807 4038 «carmineque
853 3964 1276 4031 sonorum:videedi,16,16·
1315 4019 1318 4025 ,

245 4097 247 4100 ,
300 4041 734 4114 oeqrtoevisuonputetessesuis,·
748 4043 808 4096 Sce-
889 4045 931 4098 28.
946 4045 1041 4096 Decem
1052 4063 1166 4112 meuses,
1180 4043 1293 4108 lunarii,
1308 4057 1352 4112 pro

299 4121 375 4193 ligeri
385 4135 565 4174 commentum
575 4121 642 4189 hoc,
655 4121 699 4174 sed
717 4122 806 4194 quod,
851 4140 881 4174 ee
891 4159 899 4187 ,
911 4140 968 4194 quse
978 4123 1161 4175 Rornanorum
1171 4137 1242 4189 eret,
1255 4135 1353 4191 suppu-

299 4201 807 4278 puto,numquamceperequiadmise-
851 4200 926 4254 tandi
938 4202 1050 4253 ratione.
