2940 4974
303 519 342 563 to
623 451 883 560 proruunt
907 499 1019 562 vrrs

297 640 400 696 sture,
418 633 540 702 patrem
553 617 709 700 Propertii.
720 615 806 680 dumi
818 618 922 700 potius
937 637 999 679 suae
1015 631 1191 694 mortuum,
1213 641 1290 682 num
1307 641 1344 682 es

298 719 427 796 vulnere
448 718 481 777 in
499 737 537 777 eo
550 715 633 776 bello
653 727 796 796 arrepto,
815 735 857 776 au
874 737 911 776 ex
928 714 1037 778 dolose
1056 735 1182 799 quoque
1200 717 1345 780 sesama

297 834 444 895 agrorum
465 812 619 876 militibus
637 810 943 886 distribuendorum,
957 813 1120 876 incertum.
1137 815 1205 896 Hoc
1220 815 1346 876 dubita·

297 912 384 974 tione
397 921 496 986 namt,
510 924 609 992 poeta
626 909 862 971 nostriatatem
875 921 941 970 tum
961 906 1062 970 adhue
1080 921 1217 972 teneram
1232 910 1345 986 fuisse,

294 1027 397 1089 quum
408 1020 495 1090 pater
506 1007 565 1088 ipsi
577 1005 761 1087 eriperetur:
773 1003 836 1066 vid.
846 1005 883 1068 Α.
895 1006 931 1064 U.
942 1002 1011 1087 7¹4·

556 1161 560 1168 ’
623 1161 652 1212 d.
666 1159 700 1212 U.
712 1158 741 1212 C.
754 1160 822 1231 7133
835 1161 966 1232 Propertii
982 1131 1021 1214 ia.

500 1241 529 1294 P.
545 1240 667 1295 Servilius
679 1242 755 1293 Vatis
769 1241 901 1294 isauricus
911 1243 949 1304 ll;
962 1243 991 1293 L.
1005 1239 1145 1294 Antonius.

337 1375 515 1454 Octauiana
535 1375 657 1457 perticae
675 1353 802 1434 metatio
818 1374 912 1436 etiam
935 1374 1097 1456 Propertio
1118 1387 1239 1448 nostro,
1258 1387 1348 1454 patre

294 1472 360 1553 jam
378 1473 506 1548 orbato,
529 1473 698 1535 maximam
719 1492 868 1554 agrorum
887 1483 1009 1554 partem
1030 1470 1146 1546 aufert;
1167 1469 1296 1556 quade
1314 1491 1348 1532 re

298 1581 393 1654 poeta
404 1571 460 1645 tv,
481 1588 512 1646 r,
528 1590 604 1652 129:

482 1719 543 1764 llum
552 1729 593 1764 tua
601 1731 675 1780 quum
684 1715 752 1764 multi
760 1699 880 1764 versarem
888 1731 944 1763 rurs
949 1699 1057 1778 jurensi,

488 1795 491 1801 ‘
510 1787 612 1838 Abstulit
623 1787 724 1836 exuerim
733 1791 820 1852 pertin
831 1789 899 1836 uuus
909 1803 974 1851 opes.

297 1923 345 1984 Cf.
368 1921 482 2005 Heynii
500 1920 563 1983 vit.
589 1923 696 2005 virgil.
721 1937 775 2004 per
799 1939 900 1982 annos
922 1921 1028 2002 digest.
1050 1915 1193 1979 adhunc
1216 1939 1347 1979 annum.

297 2023 386 2082 Circa
404 2019 488 2082 hane
510 2035 725 2106 tempestatem
745 2021 889 2082 Tibullus
912 2042 978 2082 non
1005 2031 1106 2104 potest
1129 2039 1208 2102 puer
1233 2037 1347 2079 novem

297 2137 451 2178 annorum
465 2117 573 2195 fuisse,
591 2119 743 2200 quoniam
757 2119 852 2199 longe
866 2117 953 2178 aliter
969 2115 1008 2178 de
1021 2115 1079 2177 hac
1095 2115 1180 2176 clade
1193 2116 1348 2196 loquitur,

297 2233 393 2293 quam
404 2214 453 2274 vel
465 2215 588 2290 Noster,
604 2215 747 2298 inprimis
761 2213 814 2289 lv,
831 2235 861 2288 1,
877 2215 1028 2294 184-191
1043 2235 1050 2270 ε

486 2351 546 2398 Νιιιι
557 2349 615 2396 mibi
626 2366 700 2414 quum
709 2351 799 2414 maguis
807 2348 890 2413 opibus
899 2349 984 2396 dumus
994 2349 1040 2396 alta
1049 2351 1144 2406 suismet,

483 2419 527 2466 Cui
536 2419 630 2467 luerunt
639 2419 693 2467 flasi
702 2421 800 2468 ditantes
809 2419 889 2466 ordine
899 2419 957 2467 eulei

486 2493 588 2549 Horres,
597 2492 717 2542 ioeeundss
725 2491 755 2538 ad
764 2491 897 2539 deliciantis
908 2503 1007 2548 messes,

484 2564 576 2626 Cuique
585 2559 1070 2625 pseusdensupsseebsntsppuinecnlles„

476 2637 513 2681 ‘Et
524 2634 620 2682 domiuo
629 2639 697 2692 satis,
706 2647 731 2682 et
739 2636 837 2681 nimium
848 2634 943 2700 furique
950 2632 1067 2698 lupoque;

485 2703 553 2749 Nune
561 2703 701 2751 desiderium
710 2713 814 2767 superest
825 2721 831 2750 ε
842 2719 896 2750 uam
906 2719 962 2750 eurr
972 2713 1082 2758 noratur,

483 2775 562 2836 Quum
571 2789 663 2820 mernor
670 2781 784 2820 muuutos
793 2787 883 2835 semper
891 2771 959 2819 dulor
968 2771 1165 2819 admoneremus.

483 2844 528 2892 Sed
537 2843 590 2892 lieet
599 2847 718 2908 asperiora
726 2843 822 2902 eadunt,
832 2843 963 2918 spolierque
973 2842 1070 2899 relictis,
1081 2852 1126 2888 ete.

299 2973 377 3048 lut,
397 2993 427 3047 r,
447 2991 578 3052 19—22:

483 3125 531 3170 Vos
539 3137 635 3187 quoque
644 3121 718 3170 felicis
726 3122 859 3186 quondam,
868 3137 931 3170 nuuc
942 3125 1052 3187 pauperis
1060 3126 1110 3186 agri

514 3193 638 3252 Custodes,
648 3193 713 3240 sertis
722 3209 820 3240 munera
829 3207 918 3252 seatrs,
929 3195 1006 3240 Lares.

483 3267 549 3311 'l'nne
558 3264 632 3311 'ritule
639 3263 776 3311 innumeros
784 3263 898 3310 lustrabat
906 3279 965 3311 casa
970 3265 1084 3326 juvencos
1093 3281 1099 3320 ;

515 3336 583 3383 Nune
592 3351 652 3399 agna
662 3337 737 3398 exigui
746 3346 781 3382 est
789 3333 865 3382 hostia
879 3332 963 3400 uisque
972 3335 1022 3384 soli.

299 3471 421 3554 Ubique
430 3484 592 3553 tamquam
600 3469 750 3530 dominus
756 3479 787 3528 et
795 3467 1033 3552 paterfamilias,
1044 3467 1098 3549 qui
1111 3467 1174 3549 ipse
1184 3485 1250 3525 rem
1260 3484 1348 3525 suam

298 3567 485 3629 familiarem
498 3579 587 3628 curat
598 3579 628 3628 et
642 3565 855 3640 administrat,
866 3563 955 3648 loqui
965 3563 1042 3626 mihi
1055 3563 1184 3627 videtur.
1199 3561 1350 3622 Praeterea

300 3667 475 3748 Propertius
495 3666 590 3726 etiam
616 3661 767 3746 majorem
790 3661 896 3732 fecisse
914 3663 1069 3745 jacturam
1086 3659 1225 3732 videtur,
1251 3678 1348 3738 quam

297 3761 455 3823 'l‘sbuiiusz
470 3783 544 3824 nam
563 3761 724 3846 Propertio
737 3781 831 3843 paruo
845 3759 926 3821 domi
933 3761 1061 3846 fortuna
1077 3759 1176 3820 relicta
1185 3768 1261 3838 erat
1282 3753 1348 3830 (11,

299 3857 357 3936 34,
374 3859 441 3939 55),
453 3860 537 3922 unde
551 3861 644 3921 etiam
657 3857 787 3940 Augusti
799 3871 830 3918 et
841 3858 1016 3926 Maecenatis
1030 3859 1164 3919 maxime
1177 3851 1349 3914 liberalita-

298 3952 359 4017 tem
376 3957 556 4040 implorasse
569 3956 738 4036 credendus
752 3967 814 4030 eat,
832 3953 920 4037 qnod
933 3953 1075 4018 Tibullus
1089 3974 1153 4015 non
1169 3950 1251 4023 fecit.
1270 3947 1350 4009 Vide

300 4055 331 4112 in
344 4053 426 4116 hane
435 4075 501 4114 rem
514 4057 543 4114 l.
558 4055 671 4116 Dousae
683 4052 810 4114 Pracid.
826 4053 860 4113 in
873 4053 987 4116 Tibull.
1002 4075 1068 4135 cap.
1086 4054 1130 4112 18.
