2940 4974
9 909 11 970 ι

9 1197 10 1276 ι

8 1278 10 1364 Ι

8 1579 9 1652 l

289 811 370 922 IN
423 813 956 950 PROPERTIUM

463 1071 825 1172 PRAErtTlO.

585 1333 696 1351 fl·-

162 1547 275 1644 'Quod
289 1547 454 1624 volumen
476 1549 568 1623 istud
584 1548 714 1624 nullius
730 1555 933 1650 interpretis
949 1551 1095 1623 nomine
1112 1553 1167 1622 in-

7 1669 8 1678 ’
113 1672 287 1766 scriptum
301 1665 469 1766 prodeat,
486 1671 617 1740 mirum
637 1665 788 1740 forsitan
804 1667 870 1740 tibi
886 1665 1076 1757 videbitur,
1093 1665 1167 1738 lec-

117 1795 169 1852 tor
185 1785 344 1878 optime;
361 1780 424 1854 sed
446 1807 557 1880 quum
581 1797 684 1854 notas
708 1798 743 1854 et
767 1797 893 1854 caetera
914 1785 1020 1854 totius
1046 1783 1165 1878 operis

118 1913 327 1970 ornamenta
347 1895 506 1996 diligenti
528 1902 649 1970 animo
674 1901 939 1999 recognoveris,
957 1894 1166 1968 admiratio-

116 2037 194 2084 nem
219 2010 386 2110 profecto
407 2013 580 2111 majorem
607 2011 764 2084 futuram
785 2011 850 2084 tibi
871 2008 976 2082 facile
1003 2006 1166 2081 credide-

116 2129 188 2197 rim.
202 2127 415 2198 Doctrinam
433 2132 584 2217 etenim,
602 2118 758 2198 studirim
772 2125 1054 2222 industriamque
1073 2119 1163 2195 adeo
1263 2138 1267 2146 '

115 2268 180 2314 non
202 2240 289 2314 huic
315 2242 408 2315 libro
432 2242 585 2316 defuisse
607 2247 782 2334 invenieS,
806 2257 952 2341 tamque
968 2244 1164 2340 patientem

114 2356 244 2454 ubique
254 2372 292 2428 et
297 2362 455 2454 peritam
467 2360 670 2455 interpretis
687 2353 935 2456 deprehendes
950 2378 1113 2442 manum,
1126 2369 1165 2424 ut

627 2559 660 2582 ..
713 2494 897 2578 ¹ecuram
912 2466 1003 2538 hanc
1018 2491 1164 2566 gravem

638 2595 655 2632 ’·“
728 2589 755 2610 “’
791 2615 811 2661 e
840 2613 1002 2676 censeas,
1030 2587 1163 2660 nedum

800 2701 896 2774 huno
920 2701 1084 2775 laborem
1110 2707 1165 2774 vir

694 2822 698 2838 '
824 2815 917 2890 illius
932 2817 1051 2888 dicam
1058 2841 1165 2914 ,per-

5 3213 6 3268 ,
111 3157 186 3231 dam
211 3165 420 3234 etiamnunc
438 3179 583 3264 partes,
608 3168 806 3262 prasertim
823 3163 923 3264 quod
952 3162 999 3234 ad
1022 3103 1162 3233 Indices

5 3273 6 3276 ’
111 3279 249 3364 attinet,
267 3301 333 3348 uec
340 3279 417 3374 jam
428 3283 559 3350 sineret
569 3294 729 3377 tempus,
745 3293 894 3377 urgente
911 3273 1014 3376 hujus
1033 3273 1162 3347 editio·

110 3393 156 3461 nis
174 3387 278 3488 lege,
295 3387 475 3462 sedulitati
495 3396 644 3464 nimium
663 3408 795 3491 argutae
815 3393 1014 3478 immorari,
1029 3413 1162 3460 nomen

109 3527 202 3606 suum
219 3509 276 3578 vir
293 3503 420 3578 doctus
434 3505 538 3580 nobis
559 3506 701 3596 invidit,
720 3534 784 3611 ne,
803 3511 831 3578 si
849 3505 937 3606 quid
953 3503 1070 3578 adhuc
1086 3529 1162 3575 cas-

110 3617 243 3715 tigatius
261 3617 537 3712 desideraretur,
556 3645 635 3694 reus
649 3619 768 3711 fieret,
781 3619 1019 3720 singularique
1030 3613 1091 3690 illa
1107 3643 1160 3690 re·

5 3799 6 3824 ,
109 3727 232 3830 ligione
252 3751 289 3806 et
308 3751 348 3806 ut
364 3739 415 3806 ita
436 3737 555 3808 dicam
572 3736 759 3810 ambitiosa
780 3725 954 3808 modestia
972 3761 1008 3806 se
1025 3737 1160 3807 meritae

109 3843 213 3921 laudis
231 3849 355 3921 fructu
371 3849 606 3924 defraudavit.

151 3963 365 4036 Cedendum
392 3969 498 4064 igitur
527 3965 594 4038 fuit
620 3964 703 4038 huie
732 3965 921 4056 voluntati,
955 3990 1159 4065 quanquam

107 4101 211 4172 quum
223 4103 341 4151 unum
357 4105 377 4150 e
390 4094 488 4154 tanto
499 4107 649 4160 numero
663 4085 872 4156 Latinorum
887 4097 1073 4152 auctorum
1085 4083 1159 4150 sine

108 4209 198 4264 certo
223 4199 431 4292 interpretis
452 4199 596 4269 nomine
621 4197 797 4296 evulgari,
814 4217 889 4271 tum
913 4197 1156 4270 doctissimum
