2940 4974
277 521 297 582 6
598 515 858 580 PROPERTll
883 517 996 580 VlTA

274 662 367 725 quem
379 641 509 722 Vulpius
522 639 622 700 Nostri
633 638 769 698 natalem
780 639 901 712 statuit,
916 656 1070 718 quemque
1079 639 1127 697 lo.
1140 636 1316 721 christoph.

274 741 422 814 Gotterer,
441 739 473 798 in
486 734 655 798 Harrdbuolr
668 735 720 796 der
739 733 1023 807 universaliorem,
1039 756 1070 816 p.
1098 735 1129 811 l,
1149 757 1219 818 pag.
1240 737 1318 817 933,

273 837 396 917 utrique
416 845 532 918 poetae,
559 846 589 893 et
612 831 736 892 Tibullo
755 843 786 890 et
805 832 987 913 Propertio,
1011 831 1147 892 vindicat
1163 836 1319 916 (namque

273 936 307 996 A.
321 935 366 995 Μ.
381 935 460 1015 3926
473 932 582 993 incidit
601 933 634 992 iu
652 932 686 991 A.
701 932 738 991 U.
754 931 788 992 G.
803 931 899 1012 697),
920 931 1020 1011 prima
1033 931 1137 992 fronte
1154 932 1320 1014 praeferen-

273 1035 350 1095 dum
363 1031 552 1115 quibusdam
564 1031 663 1090 videri
676 1049 776 1112 posse.
791 1029 848 1090 Sed
863 1049 964 1111 neque
977 1050 1036 1090 nos
1050 1031 1184 1092 multum
1198 1031 1321 1092 aberra·

273 1131 376 1191 bimur
398 1151 416 1190 a
438 1147 522 1190 vero.
542 1127 672 1188 Ovidius
694 1129 778 1187 enim
805 1127 838 1185 in
857 1128 945 1188 Trist
967 1129 1026 1202 lv,
1048 1150 1101 1203 ro,
1119 1127 1254 1205 [pr-54,
1277 1131 1320 1190 sic

273 1239 396 1290 enarrat
415 1237 553 1308 tempora
577 1235 739 1305 poetarum
762 1241 829 1283 sevo
855 1242 911 1284 suo
939 1222 1261 1302 celebratissimorum,
1284 1239 1321 1284 ut

275 1321 419 1397 Gallum,
438 1319 617 1400 Virgilium,
642 1317 816 1393 Tibullum,
841 1321 1021 1396 Horatium,
1049 1340 1115 1382 non
1143 1333 1209 1382 tam
1240 1322 1321 1382 inter

275 1425 408 1488 iustitiae
421 1433 451 1479 et
466 1417 560 1501 plane
571 1421 729 1498 mpure<
742 1417 816 1492 sibi,
833 1417 885 1477 sed
901 1417 981 1478 inter
991 1430 1152 1480 veteranos
1164 1441 1199 1480 ae
1219 1421 1322 1480 renio-

273 1539 320 1580 res
336 1517 424 1599 quasi
436 1529 543 1599 poetes
565 1527 727 1576 recenseat.
741 1516 935 1597 Propertium
949 1535 1023 1577 vero
1039 1515 1150 1578 diserte
1160 1538 1208 1585 vs.
1221 1515 1261 1592 46
1276 1517 1322 1576 ait

274 1615 332 1676 sibi
346 1613 416 1696 jure
430 1613 565 1675 sodalitii
576 1611 721 1695 junctum
734 1611 843 1687 fuisse,
856 1612 1121 1694 quenadmodum
1135 1615 1228 1676 etiam
1242 1615 1323 1674 Pon·

273 1713 368 1774 ticum
380 1725 410 1772 et
423 1714 563 1786 Bessum,
580 1710 782 1770 amicissimos
794 1710 955 1792 Propertio
973 1723 1098 1785 nostro,
1114 1711 1216 1771 dulcia
1230 1708 1322 1770 refert

274 1810 432 1871 convictus
448 1809 495 1870 sui
508 1807 601 1869 fuisse
616 1806 777 1868 membra:
1003 1795 1007 1803 “

459 1991 580 2051 Temporis
588 1986 650 2034 illins
660 1986 722 2033 colui
731 1987 826 2050 iurique
835 1999 914 2048 poetas
923 2004 929 2041 ;

439 2053 446 2066 ⁸
490 2067 601 2128 Quosque
609 2063 707 2110 aderant
716 2076 790 2118 reru,
800 2063 870 2110 rebar
878 2063 956 2110 adeste
966 2063 1029 2111 deos.

463 2137 528 2196 Seps
537 2149 590 2182 saar
598 2133 705 2182 volueres
713 2133 769 2196 legit
778 2133 835 2179 milri
848 2134 957 2195 grandior
965 2149 1027 2186 evo.

493 2207 599 2268 Quaque
608 2215 676 2252 neret
684 2219 793 2265 serpens,
805 2219 857 2266 quse
866 2205 932 2266 juver
942 2204 1027 2262 herba,
1041 2205 1129 2250 Macer.

423 2284 426 2290 '
461 2279 526 2335 sepe
535 2291 587 2322 suos
595 2275 676 2322 solitus
685 2277 783 2328 reoirare
793 2276 923 2338 Propertius
935 2279 1012 2338 ignes,

492 2347 550 2392 inre
558 2343 658 2392 sodalitii
667 2345 707 2407 qni
717 2343 773 2392 milri
780 2347 875 2407 junctus
884 2359 941 2392 erar.

460 2415 567 2462 Paulines
574 2414 659 2472 heroo,
672 2417 757 2462 mnan
764 2431 861 2478 qnoque
869 2415 946 2464 clame
954 2418 1033 2464 inibo

493 2485 574 2533 Dulcis
585 2490 705 2534 convietus
716 2485 822 2532 membra
830 2487 896 2534 fuere
904 2491 958 2534 mei.
1085 2475 1089 2483 ¹

462 2557 492 2601 Et
499 2555 572 2601 renuit
581 2567 669 2602 nostras
681 2566 817 2602 numerosus
828 2555 1028 2612 Horatiorum,

494 2626 556 2672 Dum
566 2627 622 2674 iarlt
629 2627 731 2673 Antonia
738 2628 912 2676 uminaoulta
921 2628 979 2692 lyra.

467 2695 590 2762 Virgiliis}
600 2698 647 2744 ridi
656 2709 760 2754 tantum
770 2713 815 2746 nee
826 2713 896 2748 arm
907 2698 998 2746 Tibullo
1080 2717 1084 2726 ·

492 2769 595 2830 'lempna
602 2771 708 2818 amicitie
717 2767 764 2814 iata
773 2767 859 2817 dedere
868 2786 933 2816 mee.

464 2839 586 2886 Snoeeuor
593 2838 638 2886 init
647 2837 683 2886 irie
692 2837 747 2896 tibi,
757 2836 825 2886 Galle
829 2859 839 2897 ,·
847 2841 976 2903 Properrius
985 2839 1031 2896 iili,-

495 2911 597 2971 Οιιτω
604 2909 636 2960 ab
644 2909 680 2960 bis
687 2911 751 2958 serie
758 2914 871 2975 temporis
879 2915 929 2976 ipae
938 2912 979 2960 fui.

318 3093 478 3157 Cornelius
490 3095 596 3158 Gallus
609 3098 683 3159 totis
701 3099 792 3159 annis
811 3100 850 3160 io
860 3100 990 3180 (nempe
1003 3099 1040 3158 A.
1051 3098 1089 3158 U.
1108 3098 1143 3157 C.
1161 3095 1238 3175 681)
1253 3107 1328 3156 ente

279 3192 428 3257 Ovidium
441 3208 549 3269 notus,
566 3195 647 3256 obiit
660 3205 764 3256 morte
779 3193 959 3256 voluntaria
969 3198 1004 3255 A.
1019 3195 1057 3255 U.
1069 3196 1104 3255 C.
1121 3195 1199 3277 728,
1218 3213 1326 3255 aeonu-

278 3289 511 3352 dum.enmdem
527 3293 668 3354 Dousam
687 3293 708 3353 l.
727 3315 754 3355 o.
770 3290 859 3374 eujus
880 3295 1013 3357 rationes
1032 3295 1125 3354 mam
1145 3295 1326 3354 Burmanno

280 3387 519 3471 probarivideo
542 3387 725 3451 adAntlrol.
744 3391 810 3450 Lat.
833 3387 975 3452 Tibullus
997 3391 1133 3451 nascitur
1154 3389 1326 3451 seeundum

279 3487 420 3547 Douram
432 3488 471 3548 A.
487 3487 564 3569 697,
580 3501 617 3547 ut
631 3487 714 3548 inter
731 3485 816 3547 buno
833 3501 864 3547 et
880 3487 1007 3548 Gallum
1028 3487 1066 3547 ιθ
1080 3487 1157 3548 anni
1177 3484 1328 3568 interjecti

279 3581 357 3658 sint,
374 3581 569 3665 totidemque
589 3584 702 3645 dentur
717 3582 882 3646 intervallo
896 3600 1000 3666 usque
1014 3583 1054 3644 ad
1074 3577 1180 3644 Ovidii
1198 3583 1326 3644 natales.

279 3677 454 3760 Propertius
470 3687 575 3741 tamen
591 3680 730 3744 succesit
739 3677 882 3754 Tibullo,
903 3681 982 3740 sieut
997 3680 1062 3761 ipse
1073 3679 1157 3740 Naso
1170 3679 1329 3762 Propertio

280 3785 398 3836 nostro.
417 3777 477 3836 Hie
503 3791 583 3838 oerte
604 3797 684 3838 non.
699 3776 862 3859 pensiores
882 3777 1014 3859 quanio
1036 3776 1086 3836 vel
1109 3778 1128 3836 8
1146 3778 1222 3836 anni
1247 3777 1328 3838 inter

279 3869 580 3954 utrrlmque'a'dsutni
594 3893 684 3958 posse
698 3875 855 3935 videntur.
866 3873 1046 3956 Propertius
1053 3893 1180 3956 quoque
1192 3875 1325 3956 propior

280 3967 382 4032 adbne
395 3970 515 4032 Nasoni
528 3972 623 4034 fuisse
636 3971 733 4033 rideri
747 3973 862 4054 possit,
878 3971 956 4032 dnm
971 3989 1003 4032 ae
1016 3969 1082 4053 ejus
1098 3970 1235 4032 sodalem
1253 3991 1327 4053 pro·
1343 3991 1349 4001 ·

221 4153 222 4157 ¹
263 4062 399 4152 fitetur,
414 4068 500 4150 quod
518 4069 552 4129 in
569 4067 729 4130 bominem
743 4067 857 4129 multis.
868 4069 956 4130 annia
974 4067 1121 4150 majorem
1141 4089 1206 4132 non
1225 4067 1327 4141 cadit,
