2810 4978
380 474 556 540 nouere
579 475 712 542 xxru
1003 485 1069 574 259

128 604 165 670 Et
173 599 272 669 modo
283 615 417 668 servato
429 598 499 670 sola
511 599 626 671 relicta
639 607 723 672 viro.

91 717 166 782 Duru
176 729 240 795 est,
253 735 331 807 quae
342 711 458 780 multis
470 711 665 784 simulatum
676 714 773 810 fingit
782 742 950 807 amorem,

127 827 161 892 Et
170 847 205 892 se
218 821 296 916 plus
308 825 370 890 uni
381 825 410 890 si
424 847 492 917 qua
504 849 625 918 parare
636 842 757 920 potest.

89 931 150 1002 Noli
158 933 326 1003 nobilibus
336 985 345 1016 ,
357 933 427 1002 noli
438 935 590 1004 conferre
603 936 709 1006 beatis
722 965 730 1006 ε

125 1046 181 1112 Vix
194 1044 639 1140 venit‚extremoquilegat
651 1071 727 1116 ossa
740 1048 805 1118 die.
1042 1071 1077 1124 50

88 1155 170 1224 litibi
180 1181 243 1226 uos
258 1159 396 1224 erimus.
409 1155 475 1226 Sed
488 1173 526 1226 tu
539 1162 669 1252 potius,
681 1185 816 1254 precor,
828 1166 864 1232 iu
876 1189 931 1234 me

124 1269 276 1338 Demissis
288 1266 430 1362 plangas
444 1283 581 1362 pectora
593 1269 686 1340 nuda
699 1275 815 1340 comis.

53 1422 105 1492 quit,
118 1421 193 1476 habea
209 1421 285 1495 quod
300 1423 414 1496 optabas
427 1425 455 1476 iu
467 1425 528 1476 navi
572 1443 644 1494 mue,
654 1439 681 1479 et
689 1429 742 1480 vim
751 1441 822 1480 certe
832 1429 1078 1504 iacimutgrammu-

50 1501 160 1556 laonio·
178 1501 283 1556 Scilicet
297 1501 369 1575 apud
386 1501 529 1570 Ovidium,
572 1507 629 1560 tioae
641 1506 790 1578 regulia,si
804 1508 921 1581 conferre
932 1515 1078 1584 accipimus
1131 1537 1134 1542 ·

51 1578 135 1633 letam.
147 1583 204 1646 vu,
215 1581 265 1647 66,
275 1600 333 1654 qua
347 1583 404 1652 ipse
416 1581 528 1634 Medea:
573 1583 674 1638 dictum
681 1605 730 1657 pro
738 1605 849 1640 mecum
855 1591 1078 1663 istiaoompamre.

52 1657 152 1731 «Nempe
167 1673 261 1713 tenens
279 1659 354 1734 quod
371 1679 449 1725 amo,
467 1679 530 1732 gro-
610 1664 653 1718 ⁵1.
672 1667 724 1720 Sed
736 1679 764 1720 tu
781 1668 886 1740 potius,
904 1683 955 1722 etc.
972 1671 1077 1744 Vulgo:

50 1739 168 1813 uinquein
177 1743 277 1796 laeouie
285 1741 398 1807 haerena,
404 1743 453 1793 Per
460 1743 529 1794 freta
576 1743 650 1796 ..sed
667 1757 697 1796 tu
710 1747 801 1815 potiua
811 1763 908 1817 precor
922 1759 953 1800 ut
967 1767 1009 1801 me
1025 1753 1080 1802 De-

49 1818 239 1893 lonpmhar.·
260 1823 358 1877 Votum
375 1835 463 1875 autem
478 1841 528 1895 pro
573 1823 659 1876 mietio
679 1822 787 1894 plangas
805 1835 910 1898 pectore
936 1827 1008 1879 uude
1032 1847 1080 1880 co·

48 1903 138 1956 rerotia
155 1905 269 1974 expetita
283 1901 337 1954 diei
348 1899 465 1955 solemne
480 1915 529 1954 ert.
574 1903 656 1954 mio·
671 1905 701 1954 ln
715 1903 812 1975 quihus
824 1915 854 1959 ut
863 1923 905 1958 me
918 1907 1009 1978 scripti
1021 1914 1082 1980 qui·
1148 1913 1150 1920 '

15 2037 16 2040 ,
46 1983 139 2056 -la’igi
152 1984 236 2036 fateor
250 1983 422 2048 eontentiam,
436 1982 530 2034 sicum
575 1979 634 2033 dem
655 1977 717 2032 libri
736 1997 900 2052 agnoscunt,
916 1984 997 2038 iidem
1016 2006 1079 2040 vero

46 2057 195 2114 lachmanno
225 2061 382 2122 scribimuu
409 2059 457 2114 aed
483 2057 529 2112 ubi
573 2070 678 2132 pectora
693 2061 764 2112 nuda
778 2059 869 2131 (uutla
884 2063 993 2136 pectus)
1008 2064 1081 2117 exhi-

47 2155 88 2190 oou
98 2142 156 2194 satit
166 2139 251 2208 olore,
265 2152 296 2192 ut
307 2157 379 2192 uune
392 2156 420 2191 ee
434 2137 480 2190 dat
486 2141 530 2210 ju·
575 2135 655 2204 bont,
674 2155 724 2210 pro
742 2156 796 2209 quo
814 2141 933 2212 reposuit
950 2141 1080 2214 Scaliger,

45 2216 139 2288 tioium,
153 2235 206 2274 tam
218 2221 395 2273 neoeeeuriam
405 2237 461 2272 eree
474 2237 531 2270 mu·
574 2229 605 2268 ut
617 2216 774 2288 ambiguitas
786 2220 898 2286 vitetur,
908 2232 1019 2291 pectore.
1029 2219 1081 2274 Sed

46 2300 153 2353 tationem
169 2317 304 2370 agneten,
319 2297 461 2354 lectionem
475 2298 531 2350 Co·
574 2287 676 2350 locutio
690 2299 748 2368 ipea
761 2297 817 2352 hee
829 2301 901 2352 nttda
911 2311 1015 2371 pectore
1029 2303 1082 2354 mi-

46 2372 117 2430 ffieum
134 2377 347 2452 qualemqualem
364 2391 451 2430 tueor.
473 2377 532 2428 Mo-
575 2367 635 2429 rum
647 2377 696 2429 erit
709 2378 739 2428 ni
750 2391 850 2430 rectam
863 2379 978 2450 linguam
990 2383 1080 2446 vitiet,
1093 2393 1098 2402 “

44 2458 135 2512 notatio
152 2455 275 2510 Ariadne
292 2453 470 2528 Phyllidirque
488 2456 531 2506 in·
575 2472 659 2528 quum
669 2452 752 2507 eoleat
766 2457 851 2509 nudus
860 2457 912 2510 alio
925 2477 1005 2512 tonsu
1015 2463 1081 2532 poni

44 2531 164 2590 oneum:
176 2537 248 2604 Quin
260 2547 286 2586 et
295 2535 360 2586 retia
370 2547 471 2598 notem,
481 2533 530 2598 ait,
575 2545 743 2586 constructus
763 2551 825 2587 cum
848 2550 922 2588 sexto
944 2555 1028 2606 cetu,
1050 2553 1081 2590 ut

43 2609 132 2667 tunnis
144 2617 234 2667 carina
243 2611 366 2665 Medeam
376 2611 455 2677 lacit,
468 2609 530 2662 reli·
576 2613 721 2665 nudarunt
742 2617 882 2668 cacumina
888 2615 967 2688 foliis
978 2619 1005 2670 iu
1017 2619 1083 2672 Ovi-

43 2703 98 2744 etun
105 2690 531 2766 mieeram,qutevelmodo','quum
576 2689 613 2744 dii
626 2691 719 2760 Nuce,
734 2711 772 2745 va.
791 2709 849 2746 101.
867 2697 1015 2750 Prostiten't
1030 2697 1082 2768 ip·-

42 2769 163 2830 derellere
173 2787 352 2848 pugnaretur,
364 2773 398 2826 ab
409 2772 531 2826 monstris
576 2785 691 2824 turcum
708 2769 878 2826 Iuchmauno
890 2786 996 2848 pectora
1010 2777 1083 2830 nacla

43 2853 183 2908 mollibus
221 2854 364 2906 terruerit
399 2865 532 2904 amantem
576 2872 679 2906 terrare
702 2852 754 2906 hoo
775 2872 871 2920 versu,
893 2855 975 2910 literis
1001 2869 1031 2910 ιιι
1054 2861 1082 2910 iu

43 2948 113 2992 tuum.
503 2979 507 2990 ,
576 2931 730 2990 hexametro
740 2931 881 2986 substituta
893 2934 1023 3004 particula
1034 2935 1079 2988 iu:

69 3012 106 3082 47.
120 3013 195 3066 Dure
206 3022 259 3077 ert,
272 3029 371 3085 quoe...
387 3011 530 3084 Etrt'qua.
579 3011 657 3064 «sed
678 3023 708 3062 tu
728 3013 834 3082 potius,
854 3031 968 3083 precor,
990 3014 1018 3068 in
1039 3033 1082 3066 me

42 3091 96 3143 title
106 3105 161 3145 uot.
172 3091 207 3144 ad
218 3093 245 3158 1,
262 3107 310 3155 12,
324 3107 371 3160 17,
383 3090 478 3155 11‚25‚
490 3089 530 3156 ¹⁴l·
576 3091 703 3142 Demissis
713 3089 825 3161 plangat
837 3101 943 3161 pectora
954 3091 1026 3144 nuda
1035 3111 1083 3144 oo-

14 3183 17 3192 ‘
68 3173 107 3242 lo
123 3172 253 3245 Conferte.
268 3169 398 3224 Absolute
414 3171 532 3241 potitum
578 3169 659 3222 mio·
676 3168 816 3241 Cynthium
830 3168 1084 3242 foreeibirupereti·

40 3255 106 3324 cepio
120 3275 128 3306 e
146 3277 159 3301 ι
170 3252 232 3307 Noli
246 3253 384 3316 conferre,
397 3249 462 3302 dure
477 3249 533 3301 noli
577 3260 630 3301 tem
645 3261 747 3317 eperat,
762 3265 820 3319 quae
831 3247 940 3320 plangat
950 3249 978 3300 in
988 3267 1082 3302 amun-

40 3327 202 3385 tenemur.-
222 3329 328 3400 Quibu'e
347 3329 446 3401 optime
469 3325 533 3380 eub-
577 3339 631 3380 tem
647 3324 766 3380 demissio
779 3327 864 3378 comit
880 3325 951 3396 uude
964 3341 1083 3400 pectora.

37 3410 114 3482 jungit
135 3411 210 3464 hoc:
236 3411 310 3460 avix
334 3426 403 3460 unua
422 3425 454 3459 ex
476 3407 533 3458 istit
578 3407 613 3459 Ῑιι
626 3425 682 3470 me,
700 3419 810 3478 propter
827 3423 885 3472 me,
907 3419 937 3458 ut
953 3407 1085 3479 eleg.'2o‚

40 3491 95 3557 erit,
114 3493 160 3565 qui
176 3505 203 3543 te
216 3487 281 3540 flere
294 3485 448 3559 dignabitur
462 3503 535 3538 mor·
585 3501 623 3536 ιι.
643 3485 753 3536 Pectora
770 3484 840 3537 nuda
856 3483 984 3558 plenqere
1002 3485 1085 3540 habet

38 3579 109 3622 man.
120 3591 132 3618 ι
146 3569 247 3622 Contra
257 3585 308 3620 neo
317 3565 408 3618 eeueui
419 3563 535 3616 contuli·
581 3564 660 3615 etiam
669 3563 797 3631 Ovidius,
808 3564 916 3618 Metam.
929 3563 1039 3633 11‚584.

438 3729 676 3754 mmm

273 3847 590 3916 lMlTA'l'IONES
613 3844 845 3912 GALLIGAE.

74 4013 114 4068 ¹7·
128 3997 187 4050 Hoc
199 4007 256 4048 erut
267 3995 295 4046 itt
306 3993 412 4067 primis,
426 4005 477 4045 eto.
491 3991 590 4057 Paret,
603 3987 650 4042 lib.
665 3985 837 4057 11,1terourt
851 3971 997 4040 Ellonore:

253 4107 275 4154 0
284 4109 316 4154 toi
325 4109 365 4172 qui
374 4107 458 4154 lutrae
468 4106 588 4154 maltretae
600 4101 685 4159 fidele,

257 4181 295 4226 'lu
304 4195 334 4224 ue
342 4177 382 4226 l'ea
391 4177 457 4242 plual
469 4175 536 4224 Vetti
543 4175 605 4224 done
615 4189 654 4221 oet
662 4187 756 4219 amourr

900 4271 948 4336 ¹7·
