2810 4978
302 431 369 514 248
600 428 863 492 PROPERTII
888 427 975 491 [ΑΒ.
1001 428 1047 490 11.

347 557 412 624 Hic
423 577 513 623 unus
524 551 622 622 dolor
634 569 686 621 est
698 577 739 620 ex
750 550 907 620 omnibus
918 575 996 619 acer
1005 554 1149 635 amanti,
1324 561 1355 629 4⁵

395 668 548 758 Speranti
559 663 671 733 subito
682 666 711 731 si
723 687 789 759 qna
806 665 920 730 venire
933 678 1044 755 neget.

348 781 482 864 Quanta
492 777 589 844 illum
604 793 673 844 toto
687 789 825 844 versant
839 771 985 867 suspirio
995 772 1098 856 lecto,

395 892 509 975 Quum
522 890 757 982 recipi,quem
767 909 837 954 non
848 889 980 954 noverit
990 883 1064 968 illa,
1075 898 1192 978 putet3

347 1003 390 1066 Et
401 981 519 1068 rursus
533 1023 680 1092 puerum
693 995 879 1093 quaerendo
893 997 1008 1065 audita
1019 995 1151 1088 fatigat,

394 1113 520 1195 Quem,
533 1133 609 1204 quae
622 1110 708 1177 scire
719 1109 831 1191 timet,
844 1131 996 1202 quaerere
1009 1105 1110 1200 plura
1119 1102 1238 1202 jubet!
1325 1115 1357 1168 5ο

303 1332 389 1402 qui?-
406 1331 496 1403 lingue
509 1333 610 1386 ferente
625 1332 751 1406 quidem,
762 1329 810 1385 ted
854 1331 969 1383 alienam
979 1347 1102 1397 uxomm,
1115 1337 1355 1400 queeeventnrem

303 1409 379 1464 libris
393 1409 612 1479 adversantibus,
625 1431 738 1486 quornm
749 1412 811 1464 ecri-
853 1411 993 1483 promisit,
1012 1421 1170 1480 exspectet:
1183 1404 1231 1460 iile
1245 1423 1295 1477 per
1306 1423 1356 1457 een-

303 1503 383 1561 pture
393 1491 542 1544 communie
556 1503 613 1545 eet:
629 1513 640 1538 ι
651 1491 723 1559 Quid
734 1493 810 1563 juvet
853 1490 943 1544 unium
953 1491 1063 1544 mineum
1074 1499 1210 1560 negante,
1225 1485 1356 1556 suspirans

304 1571 332 1620 in
347 1567 406 1640 (uei
419 1571 460 1641 et)
476 1570 550 1623 nulio
562 1589 661 1645 ponere
674 1570 756 1623 rerba
769 1569 810 1621 ic·
854 1570 934 1622 miser
948 1571 976 1620 in
992 1566 1096 1620 lectulo.
1108 1566 1237 1631 vertitur,
1255 1565 1329 1616 anxie
1342 1579 1356 1613 e

305 1650 376 1700 oo?-
389 1649 478 1702 Verbn
488 1664 547 1717 tna,
561 1649 651 1717 idest,
663 1651 808 1722 promissa,
854 1665 960 1720 puero,
973 1647 1037 1720 quid
1053 1659 1114 1718 egat
1127 1645 1190 1710 iile,
1209 1661 1261 1696 cur
1275 1643 1357 1696 venire

307 1725 372 1796 quid
382 1727 458 1796 juret
476 1729 565 1780 iecere
585 1727 673 1780 nihili
684 1729 810 1780 Locutio·
855 1727 940 1792 nolit,
953 1728 1074 1799 exquirit.
1086 1749 1098 1774 ιι
1111 1727 1148 1777 Ae
1160 1742 1265 1797 porro,
1279 1723 1356 1793 inquit

306 1821 385 1872 nem,
397 1807 445 1858 eui
461 1809 543 1860 vitem
561 1810 680 1879 ineptum
694 1807 810 1873 criticis,
854 1819 955 1878 poete,
974 1804 1002 1855 in
1020 1802 1176 1856 conditione
1196 1801 1250 1854 hee
1269 1801 1357 1854 emunt

306 1881 493 1939 Lachmannue
506 1884 643 1952 defendit,
660 1887 811 1957 proximum
857 1885 899 1938 eui
911 1896 1011 1956 quante
1022 1883 1097 1936 iilum
1113 1895 1221 1934 rer-eant
1235 1880 1357 1950 suspirie,

306 1957 374 2012 illud
386 1962 523 2016 Ciceronis
537 1982 713 2036 comparans,
725 1963 761 2016 de
771 1965 815 2015 rt·
859 1981 942 2035 quum
961 1981 1046 2014 cecus
1064 1963 1104 2014 ire
1122 1960 1175 2014 eibi
1191 1959 1270 2032 fingit
1285 1958 1356 2012 diurn

307 2037 402 2107 nibus,
419 2041 457 2106 11,
477 2043 528 2094 28:
543 2041 645 2114 uidque
661 2043 814 2110 Socratem,
860 2043 980 2114 quemvis
1003 2040 1038 2093 eb
1058 2041 1145 2093 amica
1161 2041 1267 2112 recipi,
1287 2055 1357 2109 quem

308 2119 355 2190 qui
370 2118 535 2190 voluptutem
554 2119 631 2174 nullo
646 2119 704 2174 ioco
721 2137 815 2172 nume·
858 2122 905 2175 iile
917 2140 951 2174 ne
962 2123 1066 2174 noverit
1076 2119 1200 2193 quidem!

307 2209 364 2264 rot,
380 2197 461 2252 audio
477 2198 626 2268 dicentem,
638 2215 688 2254 etc.
699 2223 712 2248 ι
726 2214 752 2253 et
764 2199 816 2254 elie
895 2201 941 2271 49.
951 2203 988 2254 Et
996 2218 1110 2273 pererrem
1124 2218 1210 2272 quum
1223 2199 1314 2270 fatiget
1322 2197 1357 2248 in·

308 2277 420 2344 similia,
435 2278 464 2330 in
478 2278 612 2334 anisiaco
631 2299 768 2352 reponere,
787 2280 816 2332 itt
859 2279 1038 2351 retrogrado,
1054 2278 1146 2332 eedem
1160 2293 1205 2332 ter
1222 2291 1358 2352 quaterque

307 2359 405 2410 virtute
420 2375 531 2430 ponere,
548 2359 576 2409 in
589 2360 676 2411 uxoris
692 2357 748 2412 loeo
767 2359 816 2412 do-
860 2361 990 2430 rogitent.
1007 2359 1137 2412 Ceterum
1151 2357 1192 2410 Et
1208 2375 1293 2412 ninus
1302 2374 1357 2428 pue

311 2437 377 2490 itere.
388 2436 456 2490 Cum
470 2435 565 2489 eodem
577 2436 751 2504 Lichmenno
762 2436 815 2492 hue
862 2457 919 2494 mm
927 2437 1097 2492 eeribendum
1106 2457 1166 2492 eote
1178 2457 1244 2490 cum
1254 2439 1357 2492 Gronin·

310 2519 392 2567 etiem
415 2515 533 2569 retrahes
556 2519 685 2589 Propertii
711 2534 817 2570 versum
860 2537 947 2590 gano,
968 2517 1171 2588 Neapolitano,
1189 2517 1268 2584 aliie,
1287 2531 1356 2568 nonne

311 2594 392 2666 vulgo
403 2614 458 2648 non
472 2596 653 2664 intellectum,
665 2599 693 2665 1,
709 2614 753 2669 19,
767 2613 818 2663 πο,
862 2599 972 2662 evincit,
985 2615 1040 2648 non
1053 2597 1090 2648 Et
1098 2615 1209 2650 rumm-
1223 2624 1260 2636 -
1272 2595 1356 2664 Quem,

316 2675 406 2726 a'i'nm
435 2675 501 2730 mihi
525 2695 580 2730 eon
600 2675 658 2730 uilo
685 2696 758 2729 mors
785 2677 819 2728 sit
862 2675 1355 2750 puoeeciretimet,etc.Vulpo:nQuem,

314 2773 403 2810 emera
412 2755 477 2810 ioco.
489 2780 500 2804 ι
513 2757 626 2808 Mortem
637 2775 754 2810 emeram
761 2755 819 2808 nul·
863 2775 921 2826 quer
939 2756 1005 2808 scire
1023 2757 1113 2821 timet,
1131 2755 1219 2806 dicere
1231 2753 1305 2826 plura
1318 2753 1356 2821 jn·

311 2833 362 2888 tius
381 2833 432 2888 eibi
455 2837 582 2888 momenti
602 2849 628 2889 et
647 2853 817 2909 nequaquem
861 2831 915 2888 bet.
926 2857 938 2880 ι
952 2834 991 2886 lta
1004 2831 1113 2906 quidem
1123 2831 1285 2886 Beroeiduee
1296 2831 1356 2902 prio·

313 2933 418 2986 gravem
434 2916 492 2967 iore
511 2913 574 2966 dicit
592 2927 689 2986 poete,
703 2917 726 2967 ti
739 2905 818 2987 pueiss
862 2931 904 2966 ret
925 2923 952 2966 et
967 2914 1060 2984 scripti
1079 2914 1197 2966 universi
1213 2930 1268 2965 non
1286 2910 1356 2964 diem

311 2994 366 3048 lem
378 2995 429 3048 sibi
440 2995 544 3048 fidelem
555 2999 630 3049 neiat.
862 2990 977 3059 hebent,
992 2991 1040 3046 ted
1056 3010 1178 3065 quoeme.
1192 2993 1275 3044 Recte
1286 3005 1354 3041 eene=

349 3076 394 3142 48.
413 3077 500 3147 Qunam
519 3076 616 3148 recipi,
632 3089 683 3128 etc.
698 3076 773 3147 Piget
790 3076 819 3128 in
863 3074 1083 3146 Puerum,quiee
1091 3091 1217 3139 caueam,
1228 3064 1355 3142 eur-puelle

313 3155 360 3209 teli
369 3157 519 3228 fragmento
531 3158 658 3228 majore·
669 3173 761 3208 curem
770 3173 819 3227 po·
864 3173 919 3207 non
932 3156 1037 3220 reniet,
1054 3156 1121 3208 ecire
1135 3157 1258 3226 negavit,
1274 3149 1355 3222 piore,

314 3253 397 3302 nere,
419 3247 445 3288 et
467 3237 622 3287 varietatem
645 3235 688 3287 hic
712 3252 820 3287 omnem
865 3255 925 3308 que
939 3237 997 3307 ipre
1008 3237 1083 3288 timet
1096 3237 1182 3300 scire,
1196 3249 1307 3308 querere
1319 3230 1356 3298 ju·

315 3315 419 3384 scripte
431 3310 473 3364 vel
485 3311 562 3365 edite
575 3312 697 3366 lectionis
713 3311 818 3382 ablega.
864 3313 919 3368 bet.
930 3313 1046 3383 Quid,ei
1058 3333 1114 3367 non
1123 3312 1233 3386 peeii‘ae,
1245 3309 1290 3364 red
1299 3323 1354 3361 emt·

314 3393 413 3445 Verum
431 3390 538 3446 videtur
558 3393 604 3459 id,
619 3392 693 3464 quod
710 3393 821 3448 Bernar-
865 3396 931 3446 torio
946 3412 1036 3448 terrun
1051 3395 1100 3460 tit,
1120 3393 1165 3465 qni
1186 3391 1305 3444 nuntium
1319 3399 1355 3436 rt·

314 3470 459 3524 dinivattae
468 3471 560 3524 Codex
568 3472 679 3525 hebuit:
693 3495 704 3520 ι
715 3472 821 3539 Quanta
866 3473 976 3526 tulerit?
984 3475 1053 3525 Tum
1061 3471 1144 3524 dicere
1151 3489 1186 3523 ne
1193 3471 1254 3524 ferri
1264 3463 1354 3539 quidem

315 3549 390 3602 illum
405 3563 463 3603 toto
481 3565 589 3604 versent
607 3553 718 3623 suspirie
734 3551 820 3616 lecto,
865 3565 963 3623 potest.
974 3553 1103 3606 Ceterum
1116 3549 1161 3604 hie
1174 3547 1314 3604 verticulue
1327 3541 1355 3594 li·

317 3628 408 3696 Quum
426 3631 528 3702 recipi,
545 3635 624 3702 quem
644 3649 700 3682 non
716 3631 821 3682 noverit
864 3630 915 3684 bro
935 3629 1115 3702 Neapolitano
1136 3628 1257 3696 exsulet,
1273 3642 1319 3696 qne
1331 3636 1353 3671 rt

316 3707 377 3775 iile,
391 3712 506 3780 putati·
523 3710 658 3763 Sententia
671 3721 753 3762 recte.
766 3711 822 3762 To·
865 3709 1039 3764 confirmetur
1056 3707 1099 3774 id,
1114 3709 1188 3782 qnod
1203 3707 1238 3761 de
1250 3703 1354 3778 proxi!¹⁰

317 3788 370 3838 tine
390 3785 444 3840 loci
468 3789 614 3857 rationem,
635 3805 715 3861 quam
735 3786 822 3841 Lech·
866 3809 943 3844 veron
963 3789 1054 3864 (eleg.
1070 3788 1125 3859 23)
1149 3787 1246 3842 dicturi
1267 3792 1351 3838 tunm·

317 3868 823 3938 mann.aperit,c0nsidera:·emaror
866 3869 1030 3922 Lechmanni
1041 3881 1109 3922 note
1121 3867 1187 3920 hec.
1227 3905 1229 3910 -

315 3975 329 4005 δ
