2940 4974
398 515 488 578 PER
506 513 660 580 ANNUS
684 512 898 578 D1GEs'rl.
1089 553 1092 559 ·
1149 536 1170 602 9
1224 603 1225 607 Ἰ

133 640 309 703 Clitumnus.
320 638 462 700 Tandem
475 639 608 700 Perusiae
621 637 761 720 obposita
774 652 819 699 est
833 639 892 714 ita,
906 651 942 698 ut
954 658 1010 720 per
1025 657 1172 720 campum

131 738 319 798 &muntem
331 749 362 796 et
376 735 571 796 Clitumnum
590 735 852 818 progrediendum
867 737 906 796 sit
925 733 965 796 ad
986 735 1098 794 urbem
1117 755 1173 816 pa·

131 837 219 896 triam
236 836 406 918 Propertii,
430 853 495 916 quoe
519 836 663 916 consumit
687 837 789 895 vertice
809 833 974 894 scandentis
997 835 1089 908 areis,
1109 835 1173 896 sive

130 935 231 993 monus
239 929 384 1013 paulatim
394 951 425 992 se
438 951 506 991 oum
517 929 586 990 urle
603 929 773 990 adtollentis.
788 929 873 990 Adde
892 931 977 1012 quod
997 929 1173 1012 Hispellum

128 1029 227 1090 solum
237 1031 297 1090 noti
309 1031 433 1090 Peuces
444 1027 550 1088 vocari
563 1039 693 1110 possunt
706 1025 746 1086 ab
759 1028 959 1110 Horoscopo,
972 1028 1087 1109 purtim
1101 1047 1173 1108 pro-

128 1137 196 1206 pter
207 1125 362 1187 oolouinm
375 1125 575 1188 Romanama
590 1123 651 1184 Jul.
668 1123 787 1184 Caesare
802 1144 840 1186 eo
859 1123 1043 1200 deductam,
1059 1124 1172 1207 partim

126 1235 251 1308 propter
272 1221 421 1285 balneum
445 1222 490 1284 ibi
506 1221 822 1304 frequentatissimum
832 1235 852 1283 ¹.
866 1225 941 1284 Haec
960 1223 1068 1284 omnia
1085 1223 1172 1283 Don-

127 1320 199 1382 nola
219 1321 316 1382 fusius
334 1323 473 1404 exposita
490 1321 738 1381 testimoniorum
763 1319 996 1380 auctoritatibus
1020 1319 1172 1395 munivit,

127 1416 191 1478 aliis
216 1419 309 1478 mam
335 1415 628 1491 leviorismomenti
654 1415 844 1498 argumentis
871 1413 994 1496 adjectis
1018 1415 1171 1496 plurimis.

127 1515 275 1577 &terum
293 1516 470 1598 sepulcrum
487 1515 658 1598 Propertii,
680 1515 845 1576 recentiore
863 1527 951 1575 aetate
972 1512 1102 1596 Hispelli
1121 1512 1173 1574 de·
1300 1589 1304 1594 Ι

127 1627 238 1674 murm
255 1613 334 1693 (vid.
350 1611 433 1674 infra
444 1633 513 1696 pag.
527 1613 600 1692 30),
615 1632 683 1672 non
695 1609 762 1674 leve
777 1612 902 1695 pondus
916 1600 1006 1672 addit
1016 1607 1173 1672 Donnoloe

127 1713 301 1787 sententie,
319 1725 355 1771 ut
372 1711 449 1772 adeo
467 1711 666 1792 Propertium
684 1711 893 1792 inposterum
908 1705 1100 1790 Hispellutem
1118 1707 1173 1768 ba·

127 1807 262 1869 bendum
280 1809 334 1868 vix
356 1807 494 1868 dubitari
517 1827 606 1890 posse
625 1806 775 1868 videatur.
799 1807 876 1867 Satis
897 1805 1022 1866 iuterim
1044 1802 1174 1864 ridicule

127 1917 231 1965 auctor
247 1907 380 1967 Memor.
396 1903 527 1964 Trivolt.
541 1902 612 1964 loco
631 1900 714 1963 infra
731 1902 913 1963 laudando:
934 1900 1173 1968 al’accorderais

128 2023 220 2062 asans
234 2002 400 2084 beaucoup
417 2001 455 2064 de
468 2002 590 2084 peiuee
607 1999 751 2062 Tbaddee
770 1999 919 2062 Donnola
941 1997 1015 2082 qu'il
1040 1999 1114 2058 erait
1134 1995 1173 2060 de

129 2099 271 2182 sSpello,
298 2100 406 2181 quand
424 2099 447 2159 il
470 2120 501 2160 se
521 2100 613 2160 serait
637 2097 772 2182 e‘pargne'
799 2098 837 2160 de
859 2096 1028 2180 prodiguer
1052 2108 1120 2158 tant
1134 2096 1173 2156 de

130 2195 292 2258 udoctriue
310 2217 365 2257 sur
378 2217 421 2256 un
435 2193 513 2278 sujet
524 2196 564 2257 tel
577 2217 637 2278 que
649 2195 784 2256 celui-li.
795 2221 809 2252 a
826 2197 871 2256 Ne
884 2196 980 2278 igitur
992 2208 1024 2254 et
1036 2214 1094 2254 nos
1109 2195 1173 2254 cui-

128 2293 208 2374 piam
230 2293 406 2378 prolixitate
430 2291 527 2352 nimia
548 2293 583 2352 iu
605 2289 664 2352 buc
683 2313 716 2352 re
739 2294 932 2353 occasionem
951 2289 1060 2351 demus
1078 2287 1172 2349 iidem

128 2389 280 2451 Donnolae
293 2389 450 2464 elevandi,
464 2388 594 2449 verbum
606 2409 673 2449 nou
689 2387 821 2470 amplius
836 2387 992 2448 addemus.

443 2589 475 2639 Δ.
490 2589 523 2639 U.
538 2587 568 2639 C.
583 2601 631 2656 7¹¹
643 2605 651 2646 3
665 2587 796 2658 Propertii
812 2603 851 2638 ro.

437 2669 465 2721 G.
478 2666 572 2719 Vibius
583 2669 687 2731 Pansn3
699 2669 730 2720 Α.
743 2667 850 2719 Hirtius.

164 2853 282 2915 Bellum
302 2853 489 2915 Mutinense.
511 2855 641 2916 Ovidius
660 2868 761 2916 natus.
777 2857 864 2917 Circa
879 2853 938 2917 boc
957 2867 1099 2938 tempus,
1122 2857 1171 2917 vel

128 2965 203 3012 certe
217 2973 283 3012 non
298 2953 342 3011 ita
356 2949 456 3012 multo
470 2965 558 3034 post,
575 2952 703 3013 fortasse
716 2975 802 3014 anno
818 2967 980 3036 sequente,
994 2967 1081 3036 pater
1093 2953 1171 3013 Pro·

129 3049 213 3131 pertii
228 3061 370 3110 mortuus
383 3049 423 3109 sit
434 3069 553 3109 necesse
571 3063 623 3110 est.
643 3048 789 3130 vulgaris
803 3063 874 3132 post
888 3051 921 3110 P.
935 3051 1091 3110 Crinitum
1103 3069 1172 3109 sen-

127 3147 234 3222 tentia,
246 3168 341 3228 quam
352 3159 382 3207 et
390 3147 576 3206 Maittairius
588 3161 618 3207 et
629 3148 769 3226 Crusius,
779 3145 887 3229 Angli,
897 3159 1083 3228 sequuntur,
1097 3147 1171 3223 fert,

127 3263 212 3320 cum,
229 3244 439 3305 balatonium
455 3257 638 3326 sequutum,
655 3247 690 3304 in
703 3245 850 3306 Perusina
863 3245 950 3306 clade
963 3245 1130 3320 interiisse,
1141 3258 1173 3304 et

127 3341 161 3400 ad
173 3363 261 3402 aram
278 3341 343 3402 divi
357 3341 434 3402 Julii
450 3363 522 3402 cum
541 3341 609 3403 aliis
629 3343 784 3424 equitibus
797 3365 832 3404 ac
850 3343 1045 3404 senatoribus
1058 3343 1170 3402 immo·

127 3438 223 3500 latum
236 3438 339 3502 fnisse.
356 3441 522 3501 Enimvero
538 3439 729 3502 hauddubie
746 3441 817 3502 falsi
830 3457 918 3516 sunt,
936 3440 1018 3502 banc
1039 3427 1172 3523 amplexi

127 3537 315 3619 opinionem.
329 3537 471 3618 Namque
482 3536 565 3599 libro
578 3539 638 3614 lV,
662 3559 691 3615 t,
716 3539 788 3616 130,
808 3541 918 3620 pertica
933 3541 1031 3614 tristis,
1051 3559 1120 3622 quae
1136 3541 1168 3598 in

127 3634 157 3692 Δ.
170 3635 208 3692 U.
226 3632 283 3716 7¹3
303 3633 426 3710 incidit,
440 3631 641 3716 subjungitur
654 3635 748 3695 morti
764 3635 860 3718 patris
878 3635 1051 3718 Propertii,
1070 3657 1169 3718 quum

127 3731 270 3792 Perusina
283 3731 398 3792 deditio
412 3732 447 3791 in
459 3733 492 3791 Α.
505 3734 543 3792 U.
562 3747 738 3816 sequentem
755 3733 814 3817 7¹4
827 3723 954 3795 demum
971 3733 1094 3794 incidat.
1110 3735 1169 3795 Ne·

127 3849 184 3907 qne
199 3842 286 3912 poeta
304 3828 370 3890 brec
387 3843 529 3913 tempora
550 3833 686 3914 Augusto
709 3833 743 3892 in
766 3835 951 3892 memoriam
971 3846 1169 3894 revocaturus

128 3923 215 3985 finisse
232 3924 364 3986 videtur.
383 3925 507 3990 Pbrasis
527 3948 652 4010 quoque
669 3949 734 3990 ossa
761 3927 851 4011 lepore
873 3931 987 3991 indicat
1009 3927 1093 3991 haud
1112 3930 1167 3991 ob-

164 4144 184 4177 t.
197 4129 261 4182 Vide
272 4149 321 4182 uos
336 4131 368 4184 ad
380 4133 508 4203 Propertii
520 4131 606 4182 locum
618 4132 677 4202 (IV,
693 4151 701 4185 r
714 4171 723 4200 ,
741 4151 785 4185 121
794 4132 813 4203 ).
826 4133 871 4185 Eu.
