2870 4968
28 1351 30 1412 t

387 671 636 768 ELEGIA
672 675 807 770 XIV.

441 914 503 976 AD
527 913 746 980 TULLUM.

539 1159 650 1174 m

124 1326 235 1388 Tullum
256 1332 289 1390 iu
309 1331 384 1392 villa
406 1352 460 1392 sua
481 1331 635 1416 quidquid
656 1331 774 1393 deliciae
791 1331 903 1414 juvent
924 1345 954 1394 et
972 1333 1127 1418 quidquid

28 1499 29 1508 ἶ
96 1427 299 1506 magnificentia
318 1429 395 1506 loci,
412 1430 498 1490 bona
516 1431 695 1512 Propertius
718 1445 811 1512 negat
832 1445 886 1492 aut
904 1453 967 1493 erse
988 1431 1127 1510 divitias,

96 1539 148 1600 que
161 1527 270 1607 possint
285 1528 385 1587 amori
402 1527 597 1588 contendere.
608 1529 707 1588 Detur
720 1529 778 1589 sibi
793 1527 937 1612 Cynthiae
954 1529 1017 1588 frui
1037 1529 1127 1590 blan-

96 1617 174 1678 ditiis:
184 1621 323 1682 Pactolus
335 1621 396 1683 boc
413 1625 485 1698 erit,
499 1645 534 1684 oc
548 1643 641 1706 supra
654 1645 763 1704 regum
777 1624 977 1706 splendorem
992 1627 1127 1688 fortuna.

28 1779 29 1784 ,
96 1719 214 1794 Utinam,
228 1720 328 1781 donec
344 1724 511 1800 amaverit,
532 1721 647 1803 gaudie
660 1721 729 1784 baec
746 1745 800 1784 sua
817 1725 980 1783 maneant!
996 1725 1032 1783 In
1046 1721 1126 1784 divi-

28 1905 29 1908 Ἴ
96 1817 132 1874 tiis
148 1817 223 1880 male
242 1833 327 1880 tutos
351 1823 499 1896 cruciari,
517 1821 632 1904 quibus
651 1822 777 1882 adversa
800 1822 912 1882 insistit
931 1823 1034 1882 Venus
1054 1845 1061 1881 τ
1080 1823 1127 1882 fa·

96 1929 167 1975 rente
182 1937 230 1992 ea,
247 1914 309 1978 sibi
323 1915 371 1978 vel
386 1939 480 1998 regna
493 1919 619 2002 despici.

543 2101 655 2118 *-

131 2182 190 2292 To
203 2225 280 2296 lieet
291 2227 444 2322 abjectus
456 2228 616 2297 Tiberina
627 2229 775 2299 molliter
788 2231 879 2300 unda

167 2338 284 2406 Lesbia
295 2344 473 2409 Mentoreo
484 2343 561 2409 vina
574 2339 669 2410 bibas
682 2366 801 2434 opere;

130 2449 164 2513 Et
174 2449 272 2518 modo
287 2467 357 2518 tam
371 2449 496 2520 celeres
508 2455 639 2521 mireris
652 2477 789 2522 currere
801 2453 935 2538 lintres,
961 2501 963 2508 -

168 2547 322 2630 Et'modo
333 2577 403 2629 tam
419 2563 531 2630 tardas
542 2561 681 2632 funibus
693 2569 742 2632 ire
754 2581 862 2650 rates,

29 2653 31 2738 f
131 2670 165 2735 Et
174 2695 293 2740 nemus
306 2696 408 2740 omne
420 2689 510 2742 satas
520 2673 675 2742 intendat
685 2679 809 2744 vertice
821 2675 935 2758 silvas,
1114 2689 1129 2742 5

29 2785 31 2880 ἰ

168 2781 315 2874 Urgetur
326 2783 463 2876 quantis
475 2786 644 2851 Caucasus
657 2783 834 2852 arboribus
851 2811 857 2850 :

125 3003 263 3058 ul'iben'na
272 3004 579 3072 ussatideuotsdrv,
623 3008 709 3060 fessus
720 3023 808 3060 tamen
819 3021 873 3074 est,
886 3025 1032 3080 numquam
1047 3024 1075 3059 se
1088 3005 1130 3059 bis

30 3099 31 3104 ’
99 3080 120 3144 3,
130 3101 161 3136 to.
170 3085 326 3139 Adranam
337 3087 520 3158 igiturinrilla
530 3105 579 3140 suu
625 3087 663 3137 uti
677 3100 789 3156 propter
802 3085 988 3138 verecundiam
1002 3103 1127 3136 ausum.-

99 3156 223 3237 becclegia
234 3167 333 3236 scripta
346 3179 395 3218 est.
405 3167 445 3218 De
454 3163 533 3218 'l'ullo
542 3167 579 3217 vi·
661 3165 685 3218 3.
718 3167 839 3231 Currere,
869 3165 1010 3216 decureum
1042 3163 1132 3217 lintres

99 3237 253 3316 lel’ropertii
269 3247 358 3297 Vitam
374 3244 577 3296 Chronol.anu.
624 3263 711 3316 prono
738 3245 863 3310 flumine,
891 3257 917 3296 et
941 3244 1051 3296 adverso
1079 3262 1129 3309 eo,

99 3321 300 3386 7²l.-Iaetlrr'um
312 3325 404 3376 uinum
416 3325 479 3376 setis
492 3326 580 3376 merui·
625 3343 691 3396 quas
703 3325 779 3378 muln
791 3323 899 3377 trabunt
910 3323 1034 3391 funibus,
1046 3324 1132 3377 tardas

99 3400 164 3454 ulmos
175 3416 276 3476 quanto
289 3405 318 3455 in
332 3403 436 3455 honore
450 3401 522 3474 apud
536 3423 580 3455 ve·
625 3403 662 3455 ire
673 3413 745 3457 rates.

99 3487 148 3530 lora
168 3481 253 3534 luerit.
280 3482 490 3553 Methymuoeum
513 3481 579 3533 illud
662 3486 686 3536 5.
701 3485 739 3535 Er
750 3501 842 3536 neruus
855 3501 947 3547 omne,
962 3495 1013 3534 etc.
1031 3493 1057 3532 et
1070 3479 1131 3532 licet

99 3551 161 3610 labeo
170 3560 270 3614 dictum
282 3563 327 3628 IV,
341 3559 579 3626 8‚38.1esb0,sin
624 3565 652 3614 in
666 3559 727 3614 villa
741 3578 837 3613 nemus
851 3579 931 3612 omne
946 3572 1022 3611 tuum
1033 3560 1132 3611 vertice

99 3635 164 3706 ‘¹6²⁰
179 3643 312 3696 issula-
324 3645 419 3714 Opere,
438 3661 470 3695 ex
485 3661 580 3713 opere,
625 3641 745 3694 intendat
756 3655 826 3694 sutas
838 3639 961 3705 arbores,
974 3639 1080 3711 quantia
1091 3657 1133 3690 ur-

31 3741 32 3774 :
99 3715 208 3775 dotano
230 3745 240 3775 r
262 3722 302 3774 sic
321 3739 426 3793 ymmo
447 3722 540 3786 bibere,
564 3741 578 3773 e
626 3735 703 3789 getur
714 3719 924 3784 Caucasus‚cte.
934 3717 1020 3771 Silvas
1029 3736 1078 3789 pro
1091 3736 1131 3770 ar-

99 3810 193 3867 gentm,
213 3801 306 3871 virgil
332 3801 429 3871 Georg,
453 3801 489 3863 ll,
516 3801 576 3854 506.
626 3799 736 3851 boribus
756 3799 841 3851 dictas
862 3796 944 3849 habet
960 3799 1040 3849 etiam
1056 3797 1130 3850 The-

99 3869 206 3932 lleotorie
221 3879 320 3952 pocula
335 3879 434 3932 Plinius
453 3879 578 3945 estimat,
626 3875 697 3930 haid.
710 3879 746 3943 II,
758 3878 823 3944 248,
835 3877 947 3942 Statius,
959 3895 1045 3948 neque
1055 3874 1132 3928 aliter

99 3947 134 4004 ht
151 3959 261 4010 referens
280 3959 349 4010 Ilist.
371 3959 434 4010 Nat.
457 3959 581 4024 XXXIII,
626 3957 777 4027 Propertius
792 3957 908 4008 arborem
918 3973 968 4026 pro
977 3953 1039 4006 luco
1051 3971 1131 4006 utur-

100 4029 140 4084 53:
154 4037 200 4089 ·L.
210 4037 326 4091 Crassus
337 4047 428 4089 orator
438 4035 506 4088 duos
521 4035 582 4101 (lra-
627 4049 674 4108 pat
685 4037 733 4102 ΙΙΙ,
745 4037 776 4101 3,
790 4037 829 4089 13.
839 4037 953 4102 Damus,
962 4053 1017 4086 nou
1030 4035 1131 4106 optime

32 4149 33 4156 κ
98 4105 582 4188 luit)sc5phoao1entorismanucaela-
627 4116 676 4170 sibi
699 4131 821 4170 constare
838 4118 865 4168 iu
887 4115 939 4168 boo
959 4117 1131 4180 sententiam,

100 4199 375 4258 armeniacorum
383 4195 489 4268 (emtus)
497 4217 503 4248 ε
512 4215 580 4250 con·
627 4209 836 4268 corruptumque
850 4195 939 4248 multis
951 4213 1030 4268 putre
1042 4193 1131 4246 locum
