2940 4974
373 480 459 546 PER
482 483 640 550 Annos
664 485 878 554 DlGES'l'A.
1108 517 1140 556 rr

422 676 453 724 Δ.
464 675 496 726 U.
512 677 542 728 C.
555 676 622 746 7¹43
637 675 766 746 Propertii
783 674 822 725 13.

302 753 349 804 Gn.
361 751 492 806 Domitius
504 753 630 808 Calvinus
642 755 680 816 ll;
694 755 723 807 C.
737 753 842 806 Asinius
854 753 947 806 Pollio.

147 917 258 978 Pedum
270 917 463 980 Perusinum.
477 921 544 981 Hoc
555 921 589 980 in
601 919 683 982 bello
696 919 820 1010 ridetur
836 919 939 980 Gallus
948 933 975 996 ¹,
992 923 1147 1003 Propertii

115 1017 201 1076 nostri
217 1017 347 1094 amicus,
365 1017 413 1083 vel
432 1021 648 1104 propinquus,
666 1019 785 1082 insidiis
797 1019 958 1086 latronum
970 1020 1149 1084 interfectus

113 1111 205 1174 fuisse.
218 1113 264 1175 Cf.
280 1115 310 1190 l,
331 1114 407 1196 eleg.
430 1137 465 1176 21
477 1159 487 1192 ,
505 1119 653 1200 inprimis
668 1137 712 1178 vs.
733 1139 751 1200 7
771 1129 802 1178 et
822 1118 858 1192 83
878 1117 955 1198 eleg.
978 1138 1036 1194 ιι,
1058 1119 1147 1179 6-8.

416 1293 448 1344 Δ.
461 1293 493 1345 U.
505 1293 536 1346 C.
548 1309 614 1364 7173
628 1293 760 1365 Propertii
777 1283 818 1346 16.

308 1369 346 1421 Μ.
358 1372 501 1442 Vipsanius
512 1373 645 1445 Agrippum
660 1373 690 1428 L.
703 1373 828 1426 Caninius
839 1370 940 1426 Gellus.

17 1585 18 1606 ἦ
144 1517 209 1578 lloc
223 1539 308 1581 enno
330 1521 472 1597 ineunte,
494 1535 599 1605 togam
619 1521 737 1584 virilem
758 1544 816 1604 pro
837 1543 925 1584 more
945 1520 1046 1582 saeculi
1066 1518 1148 1580 illius

16 1631 17 1646 ¹
113 1615 281 1696 Propertius
294 1621 412 1682 stunsit.
428 1619 497 1682 Vid.
519 1641 598 1702 quos
618 1618 726 1684 laudet
741 1621 844 1704 Heyn.
863 1619 896 1680 iu
917 1621 980 1680 Vit.
999 1619 1086 1697 Virg.
1107 1615 1153 1682 ad.

114 1715 141 1772 d.
152 1715 268 1798 ttopp
283 1719 425 1790 lnenim
439 1721 548 1788 Noster
561 1719 614 1795 Ν,
635 1741 664 1794 r,
684 1719 754 1782 131:

284 1867 341 1916 ltux
348 1867 390 1914 unt
397 1867 460 1915 bun·
468 1867 523 1915 rudi
532 1868 626 1916 dimisse
635 1881 671 1916 est
680 1883 752 1916 surse
761 1869 832 1926 collo,

316 1937 397 1986 Hatris
405 1951 428 1986 et
436 1951 489 1986 ente
499 1939 555 1988 deos
564 1940 638 1986 libere
649 1952 727 1988 sumtu
736 1951 801 2003 cogn

285 2009 347 2054 tun
355 2007 398 2056 tilti
406 2024 480 2072 peuce
489 2025 532 2056 suo
539 2009 570 2056 de
579 2013 683 2058 remitte
692 2009 764 2058 dictet
775 2009 870 2072 Apollo,

316 2080 343 2125 Et
351 2090 414 2126 vetet
422 2081 503 2130 inteuo
512 2081 586 2128 verbs
593 2093 675 2128 tortere
684 2082 744 2130 torn.

115 2207 204 2290 lisque
216 2225 278 2287 est,
291 2213 376 2293 quod
389 2215 542 2296 particule
554 2218 629 2276 Mox
639 2219 822 2298 quempiam
839 2227 979 2289 moveat,
994 2213 1082 2295 quasi
1099 2213 1146 2272 in·

115 2318 152 2364 ter
163 2309 298 2386 poticam
321 2307 405 2370 illam
425 2315 532 2372 tristem
549 2327 578 2374 et
597 2324 695 2394 topam
712 2333 819 2394 puram
837 2332 904 2371 non
921 2308 1147 2371 intercesserint

116 2401 214 2482 integri
223 2419 361 2486 quotuor
372 2411 447 2467 enni
462 2431 470 2468 ι
486 2423 597 2470 nomm
612 2409 696 2470 enim
710 2421 768 2485 est,
782 2406 830 2468 vel
846 2406 1025 2481 historicos,
1042 2406 1146 2465 nomi·

115 2497 197 2560 netim
211 2499 356 2578 Florum,
377 2503 530 2567 similibus
550 2505 753 2566 connectendi
774 2505 931 2587 particulis
949 2516 1013 2564 tem
1032 2501 1093 2562 lete
1111 2497 1151 2562 ¹uc

114 2613 177 2675 vege
192 2599 246 2659 uti.
268 2599 308 2660 Et
327 2599 435 2664 Noster
448 2601 524 2664 alibi
544 2605 612 2688 pari
631 2604 752 2664 ratione
773 2600 855 2663 hanc
867 2623 973 2662 vocem
987 2601 1076 2684 ponit
1090 2601 1151 2674 lV,

118 2711 159 2769 ιι,
172 2693 224 2772 333
241 2711 272 2758 et
289 2697 351 2774 lll,
373 2721 424 2778 ιι,
444 2723 502 2784 29,
522 2703 606 2764 modo
625 2702 848 2764 similitersatis
866 2701 995 2784 longum
1011 2700 1149 2784 spatium·

113 2789 246 2877 designet.
255 2795 393 2872 Adsumo
403 2820 475 2887 vero¹
484 2800 569 2864 hunc
584 2803 726 2885 inprimis
737 2821 874 2877 annum,
887 2803 961 2883 quie
971 2813 1061 2884 poete
1074 2819 1149 2860 curn

113 2911 143 2951 eo
162 2895 262 2956 stetim
284 2897 446 2982 conjunpn't
470 2901 608 2962 studium
631 2901 777 2964 carminis
801 2898 974 2973 scribendi3
1000 2899 1033 2960 in
1060 2898 1148 2980 quod

113 2985 205 3052 dome
218 2993 352 3054 maxime
367 2995 558 3074 incubuisse,
579 2997 719 3080 adeoque
736 2997 818 3058 circe
836 2996 918 3058 idem
934 3009 1055 3078 tempus
1067 3014 1102 3056 eo
1116 3015 1148 3054 se

112 3087 264 3150 contulisse
277 3074 448 3162 censendus
459 3109 519 3170 est,
537 3097 645 3157 sicute
665 3115 753 3155 versu
771 3093 914 3156 breviore
926 3093 1071 3174 colliges,
1092 3092 1147 3172 qui

140 3275 272 3348 t.Gsllus,
282 3299 380 3334 nornen
388 3285 526 3356 proprium
536 3287 598 3336 emi·
643 3302 718 3338 suem
741 3289 873 3337 emiserat.
902 3281 1027 3355 Ejusdem
1058 3293 1149 3334 temen

109 3356 343 3432 ciPrqsertiiltend
350 3361 527 3418 dublelicturn
537 3365 598 3432 r,5,
643 3377 741 3436 postte,
759 3366 820 3435 qui,
836 3381 918 3434 quum
931 3380 1027 3434 preses
1043 3361 1149 3433 AEgypti

109 3435 150 3500 ³¹3
171 3456 219 3508 ¹⁰,
235 3441 268 3504 53
286 3443 335 3512 ¹3,
351 3461 389 3508 ,η
412 3461 460 3508 20,
480 3462 504 3498 ι.
521 3445 598 3500 Certe
643 3456 728 3513 esset,
744 3461 773 3496 ee
789 3445 848 3514 ipse
861 3443 1010 3506 interfecit,
1028 3443 1147 3494 meminit

107 3533 201 3571 nonen
211 3521 427 3582 mnfnndendum
434 3541 494 3578 cum
501 3524 599 3578 celebri
642 3524 796 3595 Propertius
808 3526 848 3590 ιι,
861 3523 912 3591 34,
922 3537 965 3592 9¹·
978 3521 1020 3573 Ab
1032 3534 1146 3593 utroque

106 3591 278 3652 ttocomtto
296 3599 387 3668 Gallo,
402 3602 599 3674 forojuliense,
643 3600 761 3656 diversus
778 3613 818 3655 est
833 3601 877 3654 ille
895 3602 1063 3672 propinquus
1079 3603 1146 3652 Pro·
1177 3654 1180 3665 ,

106 3671 234 3746 elegum
246 3679 391 3750 scriptore,
408 3691 435 3732 et
446 3678 599 3751 Euphorio-
641 3682 735 3751 pertii,
754 3681 783 3732 in
798 3679 871 3733 bello
885 3681 1011 3732 Per‘ueim
1026 3682 1146 3744 occisus,

107 3753 140 3805 ἡ
151 3753 332 3810 lleslcidensis
345 3759 498 3829 interprete.
516 3760 597 3811 Itnn-
642 3761 718 3830 cujus
727 3760 757 3811 lit
768 3761 867 3812 mentio
881 3761 909 3824 l,
922 3776 971 3825 er,
989 3776 1014 3830 7.
1029 3757 1147 3812 Tendens

14 3891 15 3920 ἢ
107 3833 282 3906 queisprnlo
297 3835 425 3908 grundiur
442 3851 507 3890 netu
522 3835 597 3891 vide·
641 3837 733 3891 Gallus
756 3835 864 3910 qnoque
887 3849 927 3890 est
951 3835 1021 3890 filins
1048 3837 1145 3902 inire,

108 3923 159 3978 tr,
173 3932 252 3986 quern
270 3929 301 3968 ut
315 3917 407 3968 omnis
420 3915 479 3970 loce
497 3919 525 3969 in
536 3935 596 3970 euru
641 3917 724 3969 freter
737 3919 866 3989 Luperci,
886 3918 931 3988 qni
950 3915 1065 3974 concidit
1085 3929 1147 3967 ente

14 4025 15 4032 ι
108 3993 162 4044 setis
179 3993 318 4047 commode
337 3995 506 4048 convenient.
520 3995 597 4048 Adde
641 3995 824 4070 equilesigne
845 4010 955 4050 cruente
976 3999 1024 4084 lv,
1053 4013 1078 4059 ι,
1100 3996 1145 4066 95.

14 4069 15 4108 ἕ
109 4070 268 4143 mdisjem
280 4075 311 4126 Α.
326 4074 425 4144 U.717
441 4073 595 4146 Lycoridem
642 4075 771 4128 Boethius.
