2808 4974
308 446 627 474 --““““-“““-Τ.-..-.-.-.-

620 641 868 768 nuncil
897 643 1043 738 xm.

648 875 713 938 AD
735 873 1004 939 CYNTHIAM.

721 1309 948 1348 tacunarum.

345 1427 440 1486 Poeta
453 1425 493 1486 ab
514 1427 627 1487 Amore
645 1425 761 1502 seems,
775 1440 811 1487 ut
825 1426 995 1508 Cynthium
1011 1435 1120 1502 canat,
1136 1424 1276 1487 favorem
1292 1421 1346 1506 ejus

306 1524 436 1584 unicum
445 1523 565 1604 scriptis
579 1524 642 1584 suis
654 1524 785 1606 expetit,
801 1523 888 1604 vulgi
903 1524 1067 1586 confusam
1080 1544 1188 1585 vocem
1201 1537 1232 1584 et
1242 1521 1348 1605 judicia

305 1618 386 1680 nihil
400 1633 497 1680 curat.
510 1655 550 1666 -
563 1623 686 1682 Funera
703 1641 760 1681 sua
774 1623 942 1682 committit
955 1619 1098 1703 Cynthiae
1115 1644 1123 1680 :
1142 1620 1258 1681 tumuli
1276 1619 1349 1680 ranis

306 1715 482 1778 honoribus
493 1729 527 1778 ut
542 1717 748 1792 abstineatur,
765 1719 921 1800 praecipit3
943 1737 1093 1800 pompam
1111 1717 1170 1776 sibi
1189 1717 1262 1776 satis
1281 1733 1349 1788 esse,

307 1835 384 1895 quos
402 1816 592 1897 Proserpinae
609 1814 691 1874 dona
710 1813 805 1891 ferat,
818 1814 940 1874 libellos
960 1835 1105 1874 amorum
1119 1835 1200 1874 suos.
1216 1814 1351 1895 Sequetur

306 1910 416 1971 dolore
427 1932 534 1973 amens
551 1911 714 1972 funebrem
729 1912 841 1972 lectum
859 1912 1011 1995 Cynthia3
1026 1911 1159 1971 amantis
1175 1931 1289 1971 nomen
1304 1911 1351 1968 ite·

307 2029 379 2068 rum
390 2023 483 2090 atque
495 2010 608 2069 iterum
621 2008 786 2084 clamabit3
808 2029 896 2070 urnoe
911 2029 1010 2069 manu
1029 2029 1083 2070 sua
1102 2008 1215 2069 inferet
1232 2009 1350 2079 cinerem

308 2119 401 2188 atque
415 2109 536 2168 utinam
552 2107 622 2184 illa,
637 2129 735 2190 quum
745 2108 906 2168 advenerit
915 2106 995 2181 dies,
1010 2106 1120 2168 eodem
1132 2106 1271 2191 sepulcro
1282 2117 1352 2166 amet

310 2207 462 2288 quiescere
489 2207 604 2289 posita!
628 2207 683 2268 Sed
708 2207 754 2266 nil
780 2206 953 2289 quidquam
980 2205 1161 2288 deprecatur
1188 2203 1352 2287 Propertius

309 2316 442 2365 mortem
454 2328 462 2364 :
475 2304 670 2387 ecquodnam
689 2305 809 2366 bonurn
823 2303 946 2365 vivere?
960 2326 1024 2386 quo
1038 2305 1128 2366 citius
1147 2302 1186 2364 de
1198 2305 1263 2365 vita
1279 2299 1351 2362 tolli·

311 2421 399 2479 mur,
413 2413 502 2462 tanto
515 2399 584 2484 plus
599 2401 689 2463 nobis
700 2422 911 2463 aerumnarum
925 2401 1024 2461 vitari.

782 2621 893 2640 *a*

360 2725 461 2868 Non
469 2785 520 2838 tot
530 2769 751 2838 Achaemeniis
763 2787 938 2840 anuantur
950 2775 1032 2842 Susa
1044 2739 1189 2864 sagittis,

404 2879 537 2972 Spicula
552 2897 636 2974 quot
647 2897 763 2947 nostro
775 2899 911 2974 pectore
923 2881 996 2950 fixit
1007 2886 1119 2950 Amor.

358 2993 421 3060 Hic
433 3008 569 3059 metam
581 2990 721 3083 graciles
736 2994 842 3060 vetuit
856 2990 1072 3062 contemnere
1085 2997 1222 3072 Musas,

405 3104 512 3170 Jussit
523 3118 556 3170 et
568 3109 739 3172 Ascraeum
753 3105 800 3170 sic
811 3101 962 3172 habitare
977 3125 1118 3185 nemus;

306 3249 309 3260 ·
357 3217 432 3279 Non
446 3229 483 3280 ut
496 3216 610 3281 Pieriae
622 3235 768 3308 quercus
783 3236 859 3280 mes
871 3211 974 3282 verba
988 3226 1188 3307 sequantur,
1341 3217 1354 3270 ⁵

349 3433 372 3468 1.
393 3415 474 3482 Susa,
494 3413 558 3467 urbs
579 3413 675 3485 magna
698 3417 815 3486 satisque
859 3415 1021 3469 lachmann.
1033 3413 1068 3468 ad
1078 3415 1115 3481 ll,
1127 3430 1176 3479 ao,
1188 3429 1221 3485 7,
1231 3407 1355 3466 tubani-

310 3507 374 3546 nota
397 3497 544 3546 Persarum.
563 3522 600 3534 -
622 3494 815 3560 Acboemeuiis,
860 3513 910 3548 nur
929 3508 1000 3548 recte
1018 3495 1108 3566 jungit
1128 3504 1183 3546 tem
1203 3492 1286 3546 merit
1299 3506 1356 3544 eor·

309 3575 429 3627 Persicis.
445 3573 615 3627 Achaemenes
625 3593 670 3627 rex
683 3571 744 3626 olim
755 3575 816 3626 Per·
861 3585 982 3627 temnere.
1001 3603 1038 3615 -
1054 3573 1098 3626 Sic
1106 3593 1116 3636 ,·
1135 3585 1165 3624 ut
1187 3572 1280 3637 facio,
1302 3585 1354 3621 cum

310 3670 398 3705 sarum
413 3652 816 3726 ditissimumquodictisnnt
859 3656 933 3706 tenui
952 3655 1037 3707 Musa.
1052 3682 1089 3695 -
1105 3651 1236 3704 Asamum
1259 3665 1354 3709 uenus,

309 3733 520 3803 Achaemenides,
540 3737 586 3809 qui
605 3735 638 3787 ad
655 3753 740 3807 usque
759 3737 815 3786 Da·
860 3733 894 3786 etl
907 3732 1062 3786 Heliconem
1074 3745 1202 3784 montem.
1215 3729 1282 3782 Vide
1296 3725 1354 3796 eleq-

308 3813 376 3866 rium
392 3815 596 3886 imperaverunt.
613 3816 710 3867 Arcum
726 3828 815 3867 autem
864 3831 909 3880 to,
926 3814 969 3866 25.
1227 3818 1230 3822 ’

310 3906 335 3945 et
347 3895 455 3963 sagittas
466 3899 573 3967 propria
585 3895 708 3966 gentibus
720 3897 815 3948 Orien·
896 3892 920 3946 ⁵.
933 3895 1012 3958 Nou,
1028 3905 1078 3946 etc.
1092 3911 1147 3945 non
1161 3903 1193 3942 ut
1203 3884 1354 3942 carminibus

308 3971 342 4022 tis
354 3989 426 4022 arma
440 3990 510 4037 esse,
524 3973 624 4044 ubique
634 3971 755 4042 legimus.
859 3977 925 4026 meis
939 3973 1063 4046 Orpbeus
1076 3973 1142 4026 alter
1152 3973 1255 4043 rapiam
1270 3967 1353 4030 silvas,

267 4079 269 4082 >
345 4049 371 4101 3.
387 4050 452 4102 Tam
463 4051 574 4126 praciles
584 4053 688 4115 Mususr
703 4064 756 4104 tam
773 4051 817 4105 le·
859 4052 906 4108 sed
918 4056 1018 4126 magis,
1030 4069 1079 4126 etc.
1093 4051 1187 4106 Pierioe
1198 4067 1303 4122 quereus
1312 4063 1354 4117 pro

309 4147 369 4198 ves,
379 4141 489 4200 tenues,
502 4150 560 4203 quae
572 4133 653 4185 illusa
666 4147 726 4186 sunt
739 4153 812 4186 metr.
859 4131 987 4186 Thraciis.
1003 4133 1120 4186 Thracia
1134 4148 1196 4204 pars
1210 4145 1251 4184 est
1262 4127 1354 4202 Pieriaq
