2808 4974
281 421 376 514 '246
602 428 869 494 ruoruuru
893 429 984 494 rus.
1011 431 1058 494 u.

400 557 556 626 Falleris:
572 554 664 624 haud
678 580 841 652 umquam
852 572 904 624 est
914 555 1006 624 culta
1015 555 1131 626 labore
1141 561 1267 627 Venus.

354 673 553 736 Percontere
564 664 642 734 licet
655 693 661 733 :
676 689 767 760 saepe
778 684 831 734 est
841 682 978 760 experte
989 665 1104 760 puella

401 777 558 846 Officium
571 766 641 844 tcta
652 793 751 844 nocte
765 776 877 846 valere
888 801 1015 845 meum.
1096 845 1101 858 ,

353 893 509 982 luppiter
520 888 689 958 Alcmeuae
702 892 851 982 geminas
863 892 1076 985 requieverat
1085 894 1220 978 Arctos,
1319 904 1347 959 2⁵

398 1003 440 1066 Et
452 998 573 1068 caelum
585 1015 688 1068 noctu
699 998 750 1068 his
762 1002 835 1068 siue
846 1023 925 1092 rege
935 999 1016 1067 fuit:

351 1115 422 1178 Nec
434 1127 547 1178 tamen
559 1108 684 1179 idcirco
696 1108 860 1202 languens
874 1108 919 1178 ad
930 1109 1073 1178 fulmine
1085 1112 1189 1180 venit.

398 1218 520 1288 Nullus
532 1243 628 1288 amor
638 1222 726 1288 vires
738 1222 837 1313 eripit
847 1223 919 1312 ipse
931 1237 1021 1288 suas.

352 1329 461 1418 Quid?
474 1356 580 1426 quum
594 1356 613 1398 e
626 1331 806 1425 complexu
819 1331 983 1402 Briseidos
995 1335 1060 1400 iret
1070 1331 1232 1417 Achilles,

400 1449 490 1510 Num
501 1442 619 1535 fugere
630 1447 744 1512 miuus
755 1444 919 1513 Thessala
932 1445 998 1513 tela
1010 1443 1182 1539 Phryges?
1318 1458 1347 1510 3ο

351 1553 463 1640 Quid?
475 1553 566 1623 ferus
576 1553 820 1623 Andromachae
830 1554 919 1625 lecto
931 1580 1039 1651 quum
1051 1573 1204 1648 surgeret
1217 1561 1346 1634 Hector,

399 1663 489 1732 Bella
501 1669 685 1757 Mycenaeae
699 1689 769 1732 nou
783 1669 926 1742 timuere
939 1672 1049 1734 rates?

339 1763 412 1843 'Ille
422 1775 477 1844 vel
490 1775 544 1844 hic
555 1775 680 1845 classes
691 1794 826 1870 poterat
839 1777 892 1846 vel
904 1779 1046 1871 perdere
1057 1802 1196 1847 muros:

398 1890 461 1955 Hic
470 1913 534 1980 ego
548 1885 690 1972 Pelides,
704 1888 760 1958 hic
766 1881 863 1958 'ferus
875 1895 1001 1962 Hector
1013 1915 1087 1984 ego.

309 2017 311 2022 ’
351 1996 510 2091 Adspice,
523 2000 574 2065 uti
584 1997 667 2065 caelo
679 1999 782 2070 modo
796 1998 864 2081 sol,
877 2000 979 2069 modo
991 1997 1073 2068 luna
1083 2001 1268 2069 ministret:
1318 2008 1345 2063 ³5

261 2092 267 2102 ’
398 2111 451 2176 Sic
463 2109 563 2175 etium
578 2109 676 2177 nobis
688 2133 757 2177 uua
767 2108 883 2202 puella
894 2135 1017 2204 parum
1031 2129 1094 2180 est.

351 2214 466 2286 Altera
479 2240 533 2284 me
544 2217 675 2310 cupidis
689 2234 803 2286 teneat
820 2219 999 2315 foveatque
1010 2219 1161 2304 lacertis,

399 2327 513 2395 Altera
524 2331 552 2396 si
567 2329 704 2425 quando
716 2353 786 2398 uon
799 2333 878 2400 sinit
892 2355 965 2400 esse
977 2331 1109 2416 locum;

304 2507 379 2560 ribus
390 2501 443 2579 ¹epo
450 2509 506 2578 jam
516 2507 610 2576 nullis,
623 2529 689 2582 quas
699 2513 809 2584 inemo·
852 2514 964 2586 quitiam
974 2513 1001 2586 )‚
1026 2512 1060 2568 de
1082 2515 1264 2568 contractione
1287 2506 1346 2584 quod

306 2606 336 2639 re
349 2587 511 2660 perdiderim
522 2589 632 2641 effusas.
645 2589 687 2641 Sic
701 2589 809 2641 nullum
854 2611 937 2664 genus
955 2595 1130 2651 Burmannum
1145 2591 1256 2646 laudans
1269 2591 1347 2644 adl’t·

305 2685 333 2718 se
351 2665 416 2717 dicit
431 2678 483 2719 toto
504 2681 610 2738 corpore
623 2670 651 2734 l,
670 2665 701 2734 5,
724 2687 764 2721 υ-
774 2695 811 2708 -·
855 2673 934 2723 tronii
944 2689 1002 2744 cap.
1014 2673 1064 2742 49,
1075 2671 1195 2722 Conium
1205 2669 1240 2724 ad
1248 2667 1347 2724 sallustii

302 2745 386 2797 Haud
403 2764 528 2818 umquam
545 2745 609 2798 mihi
631 2745 704 2798 culta
724 2745 812 2800 Venus
855 2745 1348 2821 Catilin.6,Jugurtlr.ll8,ssdiuqul·
1399 2767 1400 2770 ¹

304 2843 366 2876 cum
384 2822 470 2876 labore
488 2834 542 2890 est,
560 2843 674 2895 operose
692 2823 773 2878 culta.
853 2823 904 2880 bus
920 2825 1069 2880 auctoribus
1081 2839 1236 2898 comparata
1250 2825 1304 2878 loct
1313 2821 1347 2874 di-

341 2901 384 2955 25.
398 2903 535 2974 Juppiter,
551 2915 601 2954 etc.
617 2905 723 2974 Jupiter
735 2917 765 2955 ut
779 2923 811 2958 ex
853 2907 999 2958 versissirnu
1013 2917 1082 2958 sunt.

302 2983 441 3046 Alcmena,
450 2979 649 3055 Amphitryonis
657 3001 748 3050 uxore,
756 2999 811 3036 sus-
891 3001 934 3056 27.
954 2983 998 3036 Ad
1011 2982 1135 3055 fitlms'na
1158 2981 1250 3050 venit,
1271 2977 1345 3032 rediit·

303 3063 404 3135 ciperet
418 3061 575 3128 Herculem,
587 3063 707 3134 perminus
719 3064 811 3115 Arctos
854 3060 1058 3116 lnobservantiae
1077 3061 1177 3116 tribues
1195 3058 1268 3134 quod
1287 3057 1347 3112 exli-

303 3143 477 3217 requieverat,
487 3155 557 3194 stare
568 3141 661 3214 polum
670 3145 810 3195 immotum
854 3141 901 3195 het
912 3142 1097 3196 Lachmauuus
1113 3145 1258 3216 scriptum,
1275 3138 1307 3191 ad
1319 3135 1347 3189 tir

300 3225 396 3296 jussit,
418 3220 619 3294 duplicavitque
639 3223 726 3276 noctis
747 3241 810 3295 spa·
855 3223 925 3276 dera.

302 3307 378 3357 tium.
402 3304 570 3375 Requiescere
589 3302 701 3370 Arctos,
723 3299 811 3354 sideru
892 3303 935 3357 30.
959 3298 1082 3358 Thessala
1103 3301 1171 3372 tela,
1183 3301 1261 3374 hujus
1274 3293 1347 3354 uehit·

303 3402 364 3435 cum
381 3379 446 3454 polo
465 3383 570 3448 sistere,
591 3395 618 3432 ut
634 3379 706 3453 apud
720 3379 809 3452 virgil.
855 3380 886 3436 lis
900 3380 951 3434 tela
962 3381 1097 3436 Thessala.
1366 3435 1372 3456 ,
1398 3391 1400 3398 “

204 3515 206 3520 .
303 3463 387 3534 eclog.
406 3465 480 3528 Vlll,
497 3462 538 3530 4:
560 3463 615 3514 :Et
631 3475 732 3515 mutata
748 3479 811 3515 suos
891 3453 1347 3516 31.Andr0maeloe.scribeAntm·
1398 3473 1400 3478 ’

302 3545 452 3617 requisitam
461 3543 579 3620 flumina
595 3561 699 3606 cursum
709 3567 721 3591 ι
741 3561 809 3616 quo-
855 3539 967 3594 maches.
979 3537 1086 3594 Dictum
1096 3539 1131 3592 ad
1140 3541 1166 3606 1,
1180 3541 1211 3614 4,
1224 3539 1249 3592 6.

301 3623 383 3676 modo
407 3635 433 3675 et
448 3619 546 3675 Noster
569 3621 679 3675 verbum
698 3621 812 3698 defluere
891 3619 1074 3694 34.ch090,
1088 3631 1139 3669 etc.
1155 3613 1346 3684 Hic,inemo·

300 3703 385 3754 active
398 3715 507 3773 usurpat
516 3703 552 3768 11,
564 3718 611 3766 πο,
623 3701 648 3753 8.
658 3699 810 3754 -Alcme-
855 3701 891 3752 ris
906 3701 1013 3766 militia,
1028 3699 1098 3752 Pelei
1114 3711 1209 3751 natum
1225 3714 1253 3750 se
1268 3708 1292 3747 et
1306 3693 1346 3744 fle·

301 3799 352 3834 πω.
374 3782 469 3832 Dativo
493 3799 555 3834 cusu
576 3783 692 3854 positum
711 3799 810 3834 nomeu
856 3792 930 3832 ctora
939 3795 995 3842 esce
1005 3777 1077 3831 dicit.
1087 3778 1165 3831 Couf.
1174 3774 1270 3829 Tibull.
1282 3777 1305 3840 1,
1321 3785 1345 3836 ¹,

301 3857 370 3925 hoc,
395 3877 474 3912 sensu
498 3876 552 3931 quo
573 3859 684 3912 dicimus
708 3859 812 3930 aliquid
856 3859 907 3931 73:
924 3859 1024 3910 -uunc
1034 3855 1098 3912 leris
1111 3871 1151 3910 est
1163 3853 1298 3909 tractanda
1307 3849 1347 3899 Ve-

302 3939 385 3992 alicui
395 3939 505 4010 facere,
526 3941 554 3993 id
573 3953 627 4008 est,
645 3959 695 4014 pro
710 3941 807 4014 aliquo.
854 3955 920 4005 uus,
932 3937 1126 4010 dutufrangere
1138 3951 1230 4009 postes
1241 3933 1297 3985 Iton
1308 3943 1346 4018 pp·

292 4017 372 4075 ,Male
381 4017 744 4076 Kuinoelsecundumcasum
754 4021 810 4075 vult
854 4017 916 4086 det,
927 4031 953 4070 et
967 4021 1035 4071 rixas
1054 4017 1196 4070 inseruisse
1209 4017 1289 4088 jurat.
1303 4007 1344 4061 litt

208 4159 210 4162 ,
302 4115 359 4152 osse
374 4097 520 4176 (Almenoe
536 4119 610 4172 erpo,
625 4100 762 4153 Alcmene
779 4103 808 4153 in
855 4119 904 4173 ego
916 4099 969 4152 dux
983 4098 1112 4172 milesque
1124 4095 1244 4150 linus·
1398 4101 1400 4104 ’
